%YAML 1.1
%TAG !u! tag:unity3d.com,2011:
--- !u!1 &198835099250604156
GameObject:
  m_ObjectHideFlags: 0
  m_CorrespondingSourceObject: {fileID: 0}
  m_PrefabInstance: {fileID: 0}
  m_PrefabAsset: {fileID: 0}
  serializedVersion: 6
  m_Component:
  - component: {fileID: 2036331142316590422}
  - component: {fileID: 5394748480115557005}
  m_Layer: 8
  m_Name: a_c_hen_1_0_0
  m_TagString: Untagged
  m_Icon: {fileID: 0}
  m_NavMeshLayer: 0
  m_StaticEditorFlags: 0
  m_IsActive: 1
--- !u!4 &2036331142316590422
Transform:
  m_ObjectHideFlags: 0
  m_CorrespondingSourceObject: {fileID: 0}
  m_PrefabInstance: {fileID: 0}
  m_PrefabAsset: {fileID: 0}
  m_GameObject: {fileID: 198835099250604156}
  m_LocalRotation: {x: 0, y: -0, z: -0, w: 1}
  m_LocalPosition: {x: -0, y: 0, z: 0}
  m_LocalScale: {x: 1, y: 1, z: 1}
  m_Children: []
  m_Father: {fileID: 3718031401916685763}
  m_RootOrder: 0
  m_LocalEulerAnglesHint: {x: 0, y: 0, z: 0}
--- !u!137 &5394748480115557005
SkinnedMeshRenderer:
  m_ObjectHideFlags: 0
  m_CorrespondingSourceObject: {fileID: 0}
  m_PrefabInstance: {fileID: 0}
  m_PrefabAsset: {fileID: 0}
  m_GameObject: {fileID: 198835099250604156}
  m_Enabled: 1
  m_CastShadows: 1
  m_ReceiveShadows: 1
  m_DynamicOccludee: 1
  m_MotionVectors: 1
  m_LightProbeUsage: 1
  m_ReflectionProbeUsage: 1
  m_RayTracingMode: 3
  m_RayTraceProcedural: 0
  m_RenderingLayerMask: 1
  m_RendererPriority: 0
  m_Materials:
  - {fileID: 2100000, guid: 529ac1d47bad59c49b75fb115c67fdc5, type: 2}
  m_StaticBatchInfo:
    firstSubMesh: 0
    subMeshCount: 0
  m_StaticBatchRoot: {fileID: 0}
  m_ProbeAnchor: {fileID: 0}
  m_LightProbeVolumeOverride: {fileID: 0}
  m_ScaleInLightmap: 1
  m_ReceiveGI: 1
  m_PreserveUVs: 0
  m_IgnoreNormalsForChartDetection: 0
  m_ImportantGI: 0
  m_StitchLightmapSeams: 0
  m_SelectedEditorRenderState: 3
  m_MinimumChartSize: 4
  m_AutoUVMaxDistance: 0.5
  m_AutoUVMaxAngle: 89
  m_LightmapParameters: {fileID: 0}
  m_SortingLayerID: 0
  m_SortingLayer: 0
  m_SortingOrder: 0
  serializedVersion: 2
  m_Quality: 0
  m_UpdateWhenOffscreen: 0
  m_SkinnedMotionVectors: 1
  m_Mesh: {fileID: 4300000, guid: 7e7621e3cf5c32a4d9b1cfd101dc6985, type: 3}
  m_Bones:
  - {fileID: 4560673631154419989}
  - {fileID: 5766974034474746251}
  - {fileID: 485404419300804640}
  - {fileID: 3619671081919178206}
  - {fileID: 2275408650575006335}
  - {fileID: 2012478718178927797}
  - {fileID: 5270119477529904761}
  - {fileID: 2037303956251627960}
  - {fileID: 8928657752594515195}
  - {fileID: 919731586760742884}
  - {fileID: 4925025119478495682}
  - {fileID: 6889926532520079087}
  - {fileID: 7640823154836289615}
  - {fileID: 6829374381870929884}
  - {fileID: 1439689986678734029}
  - {fileID: 5107218633708200790}
  - {fileID: 982903764434507311}
  - {fileID: 227902119426469627}
  - {fileID: 7999538186228833737}
  - {fileID: 144332362194821250}
  - {fileID: 1005885933642450107}
  - {fileID: 1828418827453528106}
  m_BlendShapeWeights: []
  m_RootBone: {fileID: 4560673631154419989}
  m_AABB:
    m_Center: {x: 0.27449268, y: -0.05884558, z: 0.073453486}
    m_Extent: {x: 1.9964838, y: 1.1428108, z: 1.8578463}
  m_DirtyAABB: 0
--- !u!1 &557928879617917326
GameObject:
  m_ObjectHideFlags: 0
  m_CorrespondingSourceObject: {fileID: 0}
  m_PrefabInstance: {fileID: 0}
  m_PrefabAsset: {fileID: 0}
  serializedVersion: 6
  m_Component:
  - component: {fileID: 184706640481676854}
  - component: {fileID: 5452508290464928720}
  - component: {fileID: 877259079964182581}
  - component: {fileID: 8425764949393779479}
  - component: {fileID: 7640781054075334875}
  - component: {fileID: 816437633480134709}
  - component: {fileID: 6478427955556812516}
  - component: {fileID: 6724237844971038698}
  m_Layer: 8
  m_Name: DiloMenu
  m_TagString: Dinosaur
  m_Icon: {fileID: 0}
  m_NavMeshLayer: 0
  m_StaticEditorFlags: 0
  m_IsActive: 1
--- !u!4 &184706640481676854
Transform:
  m_ObjectHideFlags: 0
  m_CorrespondingSourceObject: {fileID: 0}
  m_PrefabInstance: {fileID: 0}
  m_PrefabAsset: {fileID: 0}
  m_GameObject: {fileID: 557928879617917326}
  m_LocalRotation: {x: 0, y: 0, z: 0, w: 1}
  m_LocalPosition: {x: -8.61, y: 0.82, z: 0}
  m_LocalScale: {x: 1, y: 1, z: 1}
  m_Children:
  - {fileID: 8336293163364835666}
  - {fileID: 5996615317596328618}
  - {fileID: 6796080700908897169}
  - {fileID: 3718031401916685763}
  - {fileID: 635221182967853347}
  - {fileID: 2458843563238265969}
  - {fileID: 6062436440525895338}
  m_Father: {fileID: 0}
  m_RootOrder: 0
  m_LocalEulerAnglesHint: {x: 0, y: 0, z: 0}
--- !u!114 &5452508290464928720
MonoBehaviour:
  m_ObjectHideFlags: 0
  m_CorrespondingSourceObject: {fileID: 0}
  m_PrefabInstance: {fileID: 0}
  m_PrefabAsset: {fileID: 0}
  m_GameObject: {fileID: 557928879617917326}
  m_Enabled: 1
  m_EditorHideFlags: 0
  m_Script: {fileID: 11500000, guid: 1e47335309a2c7a41920dae62be1d0ce, type: 3}
  m_Name: 
  m_EditorClassIdentifier: 
  number: 7
--- !u!54 &877259079964182581
Rigidbody:
  m_ObjectHideFlags: 0
  m_CorrespondingSourceObject: {fileID: 0}
  m_PrefabInstance: {fileID: 0}
  m_PrefabAsset: {fileID: 0}
  m_GameObject: {fileID: 557928879617917326}
  serializedVersion: 2
  m_Mass: 1
  m_Drag: 0
  m_AngularDrag: 0.05
  m_UseGravity: 0
  m_IsKinematic: 0
  m_Interpolate: 0
  m_Constraints: 112
  m_CollisionDetection: 0
--- !u!136 &8425764949393779479
CapsuleCollider:
  m_ObjectHideFlags: 0
  m_CorrespondingSourceObject: {fileID: 0}
  m_PrefabInstance: {fileID: 0}
  m_PrefabAsset: {fileID: 0}
  m_GameObject: {fileID: 557928879617917326}
  m_Material: {fileID: 0}
  m_IsTrigger: 0
  m_Enabled: 0
  m_Radius: 0.7655964
  m_Height: 2.29
  m_Direction: 1
  m_Center: {x: 0.02, y: 1.11, z: 0.34}
--- !u!114 &7640781054075334875
MonoBehaviour:
  m_ObjectHideFlags: 0
  m_CorrespondingSourceObject: {fileID: 0}
  m_PrefabInstance: {fileID: 0}
  m_PrefabAsset: {fileID: 0}
  m_GameObject: {fileID: 557928879617917326}
  m_Enabled: 0
  m_EditorHideFlags: 0
  m_Script: {fileID: 11500000, guid: 2cb2bfd31cd761347a4cd2dd2fbb57cd, type: 3}
  m_Name: 
  m_EditorClassIdentifier: 
  m_GroundCheckDistance: 0.4
  m_GravityMultiplier: 1.5
  localNumber: 0
--- !u!114 &816437633480134709
MonoBehaviour:
  m_ObjectHideFlags: 0
  m_CorrespondingSourceObject: {fileID: 0}
  m_PrefabInstance: {fileID: 0}
  m_PrefabAsset: {fileID: 0}
  m_GameObject: {fileID: 557928879617917326}
  m_Enabled: 0
  m_EditorHideFlags: 0
  m_Script: {fileID: 11500000, guid: 873e42e8777374a458dfdcf56dfb8dec, type: 3}
  m_Name: 
  m_EditorClassIdentifier: 
  m_GroundCheckDistance: 1
--- !u!195 &6478427955556812516
NavMeshAgent:
  m_ObjectHideFlags: 0
  m_CorrespondingSourceObject: {fileID: 0}
  m_PrefabInstance: {fileID: 0}
  m_PrefabAsset: {fileID: 0}
  m_GameObject: {fileID: 557928879617917326}
  m_Enabled: 0
  m_AgentTypeID: 0
  m_Radius: 0.5
  m_Speed: 3.5
  m_Acceleration: 100
  avoidancePriority: 50
  m_AngularSpeed: 2000
  m_StoppingDistance: 0
  m_AutoTraverseOffMeshLink: 1
  m_AutoBraking: 1
  m_AutoRepath: 1
  m_Height: 2
  m_BaseOffset: 0
  m_WalkableMask: 4294967295
  m_ObstacleAvoidanceType: 4
--- !u!114 &6724237844971038698
MonoBehaviour:
  m_ObjectHideFlags: 0
  m_CorrespondingSourceObject: {fileID: 0}
  m_PrefabInstance: {fileID: 0}
  m_PrefabAsset: {fileID: 0}
  m_GameObject: {fileID: 557928879617917326}
  m_Enabled: 1
  m_EditorHideFlags: 0
  m_Script: {fileID: 11500000, guid: 30730f5b1648246419d62c222708fa80, type: 3}
  m_Name: 
  m_EditorClassIdentifier: 
  _audioClip: {fileID: 0}
  _output: {fileID: 243365566401537284, guid: 319d9ea78aec03c4b923bc496d590c85, type: 2}
  _mute: 0
  _bypassEffects: 0
  _bypassListenerEffects: 0
  _bypassReverbZone: 0
  _playOnAwake: 0
  _loop: 0
  _priority: 128
  _volume: 1
  _pitch: 1
  _reverbZoneMix: 1
  _dopplerLevel: 0.1
  _spread: 360
  _volumeRolloff: 0
  _minDistance: 1
  _maxDistance: 90
  OnlyPlayForClosestCamera: 0
--- !u!1 &751689952360142821
GameObject:
  m_ObjectHideFlags: 0
  m_CorrespondingSourceObject: {fileID: 0}
  m_PrefabInstance: {fileID: 0}
  m_PrefabAsset: {fileID: 0}
  serializedVersion: 6
  m_Component:
  - component: {fileID: 6796080700908897169}
  - component: {fileID: 4701097257366331051}
  - component: {fileID: 4665402457336004742}
  - component: {fileID: 8249387530816086200}
  m_Layer: 8
  m_Name: ovni
  m_TagString: Untagged
  m_Icon: {fileID: 0}
  m_NavMeshLayer: 0
  m_StaticEditorFlags: 65
  m_IsActive: 0
--- !u!4 &6796080700908897169
Transform:
  m_ObjectHideFlags: 0
  m_CorrespondingSourceObject: {fileID: 0}
  m_PrefabInstance: {fileID: 0}
  m_PrefabAsset: {fileID: 0}
  m_GameObject: {fileID: 751689952360142821}
  m_LocalRotation: {x: -0, y: -0, z: -0, w: 1}
  m_LocalPosition: {x: 0, y: 4.96, z: 0}
  m_LocalScale: {x: 0.89172, y: 0.89172, z: 0.89172}
  m_Children:
  - {fileID: 4981281229106634756}
  m_Father: {fileID: 184706640481676854}
  m_RootOrder: 2
  m_LocalEulerAnglesHint: {x: 0, y: 0, z: 0}
--- !u!33 &4701097257366331051
MeshFilter:
  m_ObjectHideFlags: 0
  m_CorrespondingSourceObject: {fileID: 0}
  m_PrefabInstance: {fileID: 0}
  m_PrefabAsset: {fileID: 0}
  m_GameObject: {fileID: 751689952360142821}
  m_Mesh: {fileID: 4300000, guid: dfcb589533d73a04a9bb8bc17083afa9, type: 3}
--- !u!23 &4665402457336004742
MeshRenderer:
  m_ObjectHideFlags: 0
  m_CorrespondingSourceObject: {fileID: 0}
  m_PrefabInstance: {fileID: 0}
  m_PrefabAsset: {fileID: 0}
  m_GameObject: {fileID: 751689952360142821}
  m_Enabled: 1
  m_CastShadows: 1
  m_ReceiveShadows: 1
  m_DynamicOccludee: 1
  m_MotionVectors: 1
  m_LightProbeUsage: 1
  m_ReflectionProbeUsage: 1
  m_RayTracingMode: 2
  m_RayTraceProcedural: 0
  m_RenderingLayerMask: 1
  m_RendererPriority: 0
  m_Materials:
  - {fileID: 2100000, guid: 6c98b3c54f378ce4ba6b8f9954704eec, type: 2}
  - {fileID: 2100000, guid: 9392b7a7edadfea4599ff54eafabaf5d, type: 2}
  m_StaticBatchInfo:
    firstSubMesh: 0
    subMeshCount: 0
  m_StaticBatchRoot: {fileID: 0}
  m_ProbeAnchor: {fileID: 0}
  m_LightProbeVolumeOverride: {fileID: 0}
  m_ScaleInLightmap: 1
  m_ReceiveGI: 1
  m_PreserveUVs: 0
  m_IgnoreNormalsForChartDetection: 0
  m_ImportantGI: 0
  m_StitchLightmapSeams: 0
  m_SelectedEditorRenderState: 3
  m_MinimumChartSize: 4
  m_AutoUVMaxDistance: 0.5
  m_AutoUVMaxAngle: 89
  m_LightmapParameters: {fileID: 0}
  m_SortingLayerID: 0
  m_SortingLayer: 0
  m_SortingOrder: 0
  m_AdditionalVertexStreams: {fileID: 0}
--- !u!95 &8249387530816086200
Animator:
  serializedVersion: 3
  m_ObjectHideFlags: 0
  m_CorrespondingSourceObject: {fileID: 0}
  m_PrefabInstance: {fileID: 0}
  m_PrefabAsset: {fileID: 0}
  m_GameObject: {fileID: 751689952360142821}
  m_Enabled: 1
  m_Avatar: {fileID: 0}
  m_Controller: {fileID: 9100000, guid: 5b1346b321802ed48ad1510b09422122, type: 2}
  m_CullingMode: 0
  m_UpdateMode: 0
  m_ApplyRootMotion: 0
  m_LinearVelocityBlending: 0
  m_WarningMessage: 
  m_HasTransformHierarchy: 1
  m_AllowConstantClipSamplingOptimization: 1
  m_KeepAnimatorControllerStateOnDisable: 0
--- !u!1 &1428358270239186159
GameObject:
  m_ObjectHideFlags: 0
  m_CorrespondingSourceObject: {fileID: 0}
  m_PrefabInstance: {fileID: 0}
  m_PrefabAsset: {fileID: 0}
  serializedVersion: 6
  m_Component:
  - component: {fileID: 1828418827453528106}
  m_Layer: 8
  m_Name: joint11 1
  m_TagString: Untagged
  m_Icon: {fileID: 0}
  m_NavMeshLayer: 0
  m_StaticEditorFlags: 0
  m_IsActive: 1
--- !u!4 &1828418827453528106
Transform:
  m_ObjectHideFlags: 0
  m_CorrespondingSourceObject: {fileID: 0}
  m_PrefabInstance: {fileID: 0}
  m_PrefabAsset: {fileID: 0}
  m_GameObject: {fileID: 1428358270239186159}
  m_LocalRotation: {x: -0.06749102, y: -0.7038785, z: -0.06749102, w: 0.7038785}
  m_LocalPosition: {x: -0.39760584, y: -2.2482015e-16, z: -5.5115305e-18}
  m_LocalScale: {x: 1, y: 1, z: 1}
  m_Children: []
  m_Father: {fileID: 1005885933642450107}
  m_RootOrder: 0
  m_LocalEulerAnglesHint: {x: 0, y: 0, z: 0}
--- !u!1 &1821917318976174987
GameObject:
  m_ObjectHideFlags: 0
  m_CorrespondingSourceObject: {fileID: 0}
  m_PrefabInstance: {fileID: 0}
  m_PrefabAsset: {fileID: 0}
  serializedVersion: 6
  m_Component:
  - component: {fileID: 7640823154836289615}
  m_Layer: 8
  m_Name: joint6
  m_TagString: Untagged
  m_Icon: {fileID: 0}
  m_NavMeshLayer: 0
  m_StaticEditorFlags: 0
  m_IsActive: 1
--- !u!4 &7640823154836289615
Transform:
  m_ObjectHideFlags: 0
  m_CorrespondingSourceObject: {fileID: 0}
  m_PrefabInstance: {fileID: 0}
  m_PrefabAsset: {fileID: 0}
  m_GameObject: {fileID: 1821917318976174987}
  m_LocalRotation: {x: -0.6775922, y: 0.20216025, z: 0.19322784, w: 0.68019336}
  m_LocalPosition: {x: -0.36423182, y: 0.00240071, z: 0.5668154}
  m_LocalScale: {x: 1, y: 1, z: 1}
  m_Children:
  - {fileID: 6829374381870929884}
  m_Father: {fileID: 4560673631154419989}
  m_RootOrder: 1
  m_LocalEulerAnglesHint: {x: 0, y: 0, z: 0}
--- !u!1 &1900899730398392152
GameObject:
  m_ObjectHideFlags: 0
  m_CorrespondingSourceObject: {fileID: 0}
  m_PrefabInstance: {fileID: 0}
  m_PrefabAsset: {fileID: 0}
  serializedVersion: 6
  m_Component:
  - component: {fileID: 485404419300804640}
  m_Layer: 8
  m_Name: joint3
  m_TagString: Untagged
  m_Icon: {fileID: 0}
  m_NavMeshLayer: 0
  m_StaticEditorFlags: 0
  m_IsActive: 1
--- !u!4 &485404419300804640
Transform:
  m_ObjectHideFlags: 0
  m_CorrespondingSourceObject: {fileID: 0}
  m_PrefabInstance: {fileID: 0}
  m_PrefabAsset: {fileID: 0}
  m_GameObject: {fileID: 1900899730398392152}
  m_LocalRotation: {x: 0.99996483, y: -0.008386288, z: -1.3590077e-18, w: 6.12231e-17}
  m_LocalPosition: {x: -0.4182116, y: -0.0011597923, z: 0.32110375}
  m_LocalScale: {x: 1, y: 1, z: 1}
  m_Children:
  - {fileID: 3619671081919178206}
  m_Father: {fileID: 5766974034474746251}
  m_RootOrder: 0
  m_LocalEulerAnglesHint: {x: 0, y: 0, z: 0}
--- !u!1 &2114922924070323460
GameObject:
  m_ObjectHideFlags: 0
  m_CorrespondingSourceObject: {fileID: 0}
  m_PrefabInstance: {fileID: 0}
  m_PrefabAsset: {fileID: 0}
  serializedVersion: 6
  m_Component:
  - component: {fileID: 3718031401916685763}
  - component: {fileID: 7719233982558366135}
  m_Layer: 8
  m_Name: gallinas
  m_TagString: Untagged
  m_Icon: {fileID: 0}
  m_NavMeshLayer: 0
  m_StaticEditorFlags: 0
  m_IsActive: 0
--- !u!4 &3718031401916685763
Transform:
  m_ObjectHideFlags: 0
  m_CorrespondingSourceObject: {fileID: 0}
  m_PrefabInstance: {fileID: 0}
  m_PrefabAsset: {fileID: 0}
  m_GameObject: {fileID: 2114922924070323460}
  m_LocalRotation: {x: -0, y: -0, z: -0, w: 1}
  m_LocalPosition: {x: 0.012845, y: 0.12971044, z: 0.12}
  m_LocalScale: {x: 0.7446, y: 0.7446, z: 0.7446}
  m_Children:
  - {fileID: 2036331142316590422}
  - {fileID: 4560673631154419989}
  m_Father: {fileID: 184706640481676854}
  m_RootOrder: 3
  m_LocalEulerAnglesHint: {x: 0, y: 0, z: 0}
--- !u!95 &7719233982558366135
Animator:
  serializedVersion: 3
  m_ObjectHideFlags: 0
  m_CorrespondingSourceObject: {fileID: 0}
  m_PrefabInstance: {fileID: 0}
  m_PrefabAsset: {fileID: 0}
  m_GameObject: {fileID: 2114922924070323460}
  m_Enabled: 1
  m_Avatar: {fileID: 9000000, guid: 7e7621e3cf5c32a4d9b1cfd101dc6985, type: 3}
  m_Controller: {fileID: 9100000, guid: 110fd5b7f424f5a4eb91b519f8de5f97, type: 2}
  m_CullingMode: 1
  m_UpdateMode: 0
  m_ApplyRootMotion: 0
  m_LinearVelocityBlending: 0
  m_WarningMessage: 
  m_HasTransformHierarchy: 1
  m_AllowConstantClipSamplingOptimization: 1
  m_KeepAnimatorControllerStateOnDisable: 0
--- !u!1 &2664223596500906904
GameObject:
  m_ObjectHideFlags: 0
  m_CorrespondingSourceObject: {fileID: 0}
  m_PrefabInstance: {fileID: 0}
  m_PrefabAsset: {fileID: 0}
  serializedVersion: 6
  m_Component:
  - component: {fileID: 4560673631154419989}
  m_Layer: 8
  m_Name: joint1
  m_TagString: Untagged
  m_Icon: {fileID: 0}
  m_NavMeshLayer: 0
  m_StaticEditorFlags: 0
  m_IsActive: 1
--- !u!4 &4560673631154419989
Transform:
  m_ObjectHideFlags: 0
  m_CorrespondingSourceObject: {fileID: 0}
  m_PrefabInstance: {fileID: 0}
  m_PrefabAsset: {fileID: 0}
  m_GameObject: {fileID: 2664223596500906904}
  m_LocalRotation: {x: -0.6829554, y: 0.72606504, z: -0.060875524, w: 0.05192089}
  m_LocalPosition: {x: -0.0023916073, y: 1.2956175, z: -0.19518071}
  m_LocalScale: {x: 1, y: 1, z: 1}
  m_Children:
  - {fileID: 5766974034474746251}
  - {fileID: 7640823154836289615}
  - {fileID: 7999538186228833737}
  - {fileID: 1439689986678734029}
  m_Father: {fileID: 3718031401916685763}
  m_RootOrder: 1
  m_LocalEulerAnglesHint: {x: 0, y: 0, z: 0}
--- !u!1 &2673242592779256759
GameObject:
  m_ObjectHideFlags: 0
  m_CorrespondingSourceObject: {fileID: 0}
  m_PrefabInstance: {fileID: 0}
  m_PrefabAsset: {fileID: 0}
  serializedVersion: 6
  m_Component:
  - component: {fileID: 3619671081919178206}
  m_Layer: 8
  m_Name: joint4
  m_TagString: Untagged
  m_Icon: {fileID: 0}
  m_NavMeshLayer: 0
  m_StaticEditorFlags: 0
  m_IsActive: 1
--- !u!4 &3619671081919178206
Transform:
  m_ObjectHideFlags: 0
  m_CorrespondingSourceObject: {fileID: 0}
  m_PrefabInstance: {fileID: 0}
  m_PrefabAsset: {fileID: 0}
  m_GameObject: {fileID: 2673242592779256759}
  m_LocalRotation: {x: 0.98453337, y: -0.023246216, z: -0.0023290906, w: -0.17363255}
  m_LocalPosition: {x: -0.5348438, y: -0.0006418063, z: -0.34628835}
  m_LocalScale: {x: 1, y: 1, z: 1}
  m_Children:
  - {fileID: 2275408650575006335}
  - {fileID: 2037303956251627960}
  - {fileID: 2012478718178927797}
  m_Father: {fileID: 485404419300804640}
  m_RootOrder: 0
  m_LocalEulerAnglesHint: {x: 0, y: 0, z: 0}
--- !u!1 &2691682818444382265
GameObject:
  m_ObjectHideFlags: 0
  m_CorrespondingSourceObject: {fileID: 0}
  m_PrefabInstance: {fileID: 0}
  m_PrefabAsset: {fileID: 0}
  serializedVersion: 6
  m_Component:
  - component: {fileID: 1439689986678734029}
  m_Layer: 8
  m_Name: joint12
  m_TagString: Untagged
  m_Icon: {fileID: 0}
  m_NavMeshLayer: 0
  m_StaticEditorFlags: 0
  m_IsActive: 1
--- !u!4 &1439689986678734029
Transform:
  m_ObjectHideFlags: 0
  m_CorrespondingSourceObject: {fileID: 0}
  m_PrefabInstance: {fileID: 0}
  m_PrefabAsset: {fileID: 0}
  m_GameObject: {fileID: 2691682818444382265}
  m_LocalRotation: {x: -0.4848096, y: 0.58437073, z: 0.46502507, w: 0.45521662}
  m_LocalPosition: {x: 0.3944906, y: -0.23911844, z: 0.07571543}
  m_LocalScale: {x: 1, y: 1, z: 1}
  m_Children:
  - {fileID: 5107218633708200790}
  m_Father: {fileID: 4560673631154419989}
  m_RootOrder: 3
  m_LocalEulerAnglesHint: {x: 0, y: 0, z: 0}
--- !u!1 &2693537675086576290
GameObject:
  m_ObjectHideFlags: 0
  m_CorrespondingSourceObject: {fileID: 0}
  m_PrefabInstance: {fileID: 0}
  m_PrefabAsset: {fileID: 0}
  serializedVersion: 6
  m_Component:
  - component: {fileID: 144332362194821250}
  m_Layer: 8
  m_Name: joint9 1
  m_TagString: Untagged
  m_Icon: {fileID: 0}
  m_NavMeshLayer: 0
  m_StaticEditorFlags: 0
  m_IsActive: 1
--- !u!4 &144332362194821250
Transform:
  m_ObjectHideFlags: 0
  m_CorrespondingSourceObject: {fileID: 0}
  m_PrefabInstance: {fileID: 0}
  m_PrefabAsset: {fileID: 0}
  m_GameObject: {fileID: 2693537675086576290}
  m_LocalRotation: {x: 1, y: -0.000000036956525, z: 1.737062e-16, w: 6.123235e-17}
  m_LocalPosition: {x: -0.5744699, y: 1.6653344e-17, z: -6.3778974e-17}
  m_LocalScale: {x: 1, y: 1, z: 1}
  m_Children:
  - {fileID: 1005885933642450107}
  m_Father: {fileID: 7999538186228833737}
  m_RootOrder: 0
  m_LocalEulerAnglesHint: {x: 0, y: 0, z: 0}
--- !u!1 &2730079746804443102
GameObject:
  m_ObjectHideFlags: 0
  m_CorrespondingSourceObject: {fileID: 0}
  m_PrefabInstance: {fileID: 0}
  m_PrefabAsset: {fileID: 0}
  serializedVersion: 6
  m_Component:
  - component: {fileID: 6829374381870929884}
  m_Layer: 8
  m_Name: joint7
  m_TagString: Untagged
  m_Icon: {fileID: 0}
  m_NavMeshLayer: 0
  m_StaticEditorFlags: 0
  m_IsActive: 1
--- !u!4 &6829374381870929884
Transform:
  m_ObjectHideFlags: 0
  m_CorrespondingSourceObject: {fileID: 0}
  m_PrefabInstance: {fileID: 0}
  m_PrefabAsset: {fileID: 0}
  m_GameObject: {fileID: 2730079746804443102}
  m_LocalRotation: {x: -0.34026626, y: 0.6198539, z: 0.34026626, w: 0.6198539}
  m_LocalPosition: {x: -1.0832458, y: 0.11689717, z: -0.9907941}
  m_LocalScale: {x: 1, y: 1, z: 1}
  m_Children: []
  m_Father: {fileID: 7640823154836289615}
  m_RootOrder: 0
  m_LocalEulerAnglesHint: {x: 0, y: 0, z: 0}
--- !u!1 &3022800540556585777
GameObject:
  m_ObjectHideFlags: 0
  m_CorrespondingSourceObject: {fileID: 0}
  m_PrefabInstance: {fileID: 0}
  m_PrefabAsset: {fileID: 0}
  serializedVersion: 6
  m_Component:
  - component: {fileID: 8928657752594515195}
  m_Layer: 8
  m_Name: joint13
  m_TagString: Untagged
  m_Icon: {fileID: 0}
  m_NavMeshLayer: 0
  m_StaticEditorFlags: 0
  m_IsActive: 1
--- !u!4 &8928657752594515195
Transform:
  m_ObjectHideFlags: 0
  m_CorrespondingSourceObject: {fileID: 0}
  m_PrefabInstance: {fileID: 0}
  m_PrefabAsset: {fileID: 0}
  m_GameObject: {fileID: 3022800540556585777}
  m_LocalRotation: {x: 4.5323257e-17, y: -1.1376264e-16, z: 0.92529035, w: 0.3792596}
  m_LocalPosition: {x: -0.069735765, y: -0.25818303, z: -0.3525845}
  m_LocalScale: {x: 1, y: 1, z: 1}
  m_Children:
  - {fileID: 919731586760742884}
  m_Father: {fileID: 5766974034474746251}
  m_RootOrder: 1
  m_LocalEulerAnglesHint: {x: 0, y: 0, z: 0}
--- !u!1 &3424476628128827807
GameObject:
  m_ObjectHideFlags: 0
  m_CorrespondingSourceObject: {fileID: 0}
  m_PrefabInstance: {fileID: 0}
  m_PrefabAsset: {fileID: 0}
  serializedVersion: 6
  m_Component:
  - component: {fileID: 4925025119478495682}
  m_Layer: 8
  m_Name: joint15
  m_TagString: Untagged
  m_Icon: {fileID: 0}
  m_NavMeshLayer: 0
  m_StaticEditorFlags: 0
  m_IsActive: 1
--- !u!4 &4925025119478495682
Transform:
  m_ObjectHideFlags: 0
  m_CorrespondingSourceObject: {fileID: 0}
  m_PrefabInstance: {fileID: 0}
  m_PrefabAsset: {fileID: 0}
  m_GameObject: {fileID: 3424476628128827807}
  m_LocalRotation: {x: -0.40068978, y: 0.9162138, z: -8.0637087e-17, w: -3.156674e-17}
  m_LocalPosition: {x: -0.071682364, y: 0.21475749, z: -0.3525845}
  m_LocalScale: {x: 1, y: 1, z: 1}
  m_Children:
  - {fileID: 6889926532520079087}
  m_Father: {fileID: 5766974034474746251}
  m_RootOrder: 2
  m_LocalEulerAnglesHint: {x: 0, y: 0, z: 0}
--- !u!1 &3487248663312365680
GameObject:
  m_ObjectHideFlags: 0
  m_CorrespondingSourceObject: {fileID: 0}
  m_PrefabInstance: {fileID: 0}
  m_PrefabAsset: {fileID: 0}
  serializedVersion: 6
  m_Component:
  - component: {fileID: 1005885933642450107}
  m_Layer: 8
  m_Name: joint10 1
  m_TagString: Untagged
  m_Icon: {fileID: 0}
  m_NavMeshLayer: 0
  m_StaticEditorFlags: 0
  m_IsActive: 1
--- !u!4 &1005885933642450107
Transform:
  m_ObjectHideFlags: 0
  m_CorrespondingSourceObject: {fileID: 0}
  m_PrefabInstance: {fileID: 0}
  m_PrefabAsset: {fileID: 0}
  m_GameObject: {fileID: 3487248663312365680}
  m_LocalRotation: {x: -0.08639602, y: 0.040568482, z: -0.42309752, w: 0.90104294}
  m_LocalPosition: {x: -0.44520515, y: -1.3322676e-16, z: 8.27403e-18}
  m_LocalScale: {x: 1, y: 1, z: 1}
  m_Children:
  - {fileID: 1828418827453528106}
  m_Father: {fileID: 144332362194821250}
  m_RootOrder: 0
  m_LocalEulerAnglesHint: {x: 0, y: 0, z: 0}
--- !u!1 &3549949997785211631
GameObject:
  m_ObjectHideFlags: 0
  m_CorrespondingSourceObject: {fileID: 0}
  m_PrefabInstance: {fileID: 0}
  m_PrefabAsset: {fileID: 0}
  serializedVersion: 6
  m_Component:
  - component: {fileID: 5766974034474746251}
  m_Layer: 8
  m_Name: joint2
  m_TagString: Untagged
  m_Icon: {fileID: 0}
  m_NavMeshLayer: 0
  m_StaticEditorFlags: 0
  m_IsActive: 1
--- !u!4 &5766974034474746251
Transform:
  m_ObjectHideFlags: 0
  m_CorrespondingSourceObject: {fileID: 0}
  m_PrefabInstance: {fileID: 0}
  m_PrefabAsset: {fileID: 0}
  m_GameObject: {fileID: 3549949997785211631}
  m_LocalRotation: {x: 0.9999513, y: -0.009867834, z: -6.0423057e-19, w: 6.122936e-17}
  m_LocalPosition: {x: -0.40429464, y: 0.0014082278, z: -0.5477652}
  m_LocalScale: {x: 1, y: 1, z: 1}
  m_Children:
  - {fileID: 485404419300804640}
  - {fileID: 8928657752594515195}
  - {fileID: 4925025119478495682}
  m_Father: {fileID: 4560673631154419989}
  m_RootOrder: 0
  m_LocalEulerAnglesHint: {x: 0, y: 0, z: 0}
--- !u!1 &4020753621933830709
GameObject:
  m_ObjectHideFlags: 0
  m_CorrespondingSourceObject: {fileID: 0}
  m_PrefabInstance: {fileID: 0}
  m_PrefabAsset: {fileID: 0}
  serializedVersion: 6
  m_Component:
  - component: {fileID: 227902119426469627}
  m_Layer: 8
  m_Name: joint11
  m_TagString: Untagged
  m_Icon: {fileID: 0}
  m_NavMeshLayer: 0
  m_StaticEditorFlags: 0
  m_IsActive: 1
--- !u!4 &227902119426469627
Transform:
  m_ObjectHideFlags: 0
  m_CorrespondingSourceObject: {fileID: 0}
  m_PrefabInstance: {fileID: 0}
  m_PrefabAsset: {fileID: 0}
  m_GameObject: {fileID: 4020753621933830709}
  m_LocalRotation: {x: -0.06749102, y: -0.7038785, z: -0.06749102, w: 0.7038785}
  m_LocalPosition: {x: -0.39760584, y: -2.2482015e-16, z: -5.5115305e-18}
  m_LocalScale: {x: 1, y: 1, z: 1}
  m_Children: []
  m_Father: {fileID: 982903764434507311}
  m_RootOrder: 0
  m_LocalEulerAnglesHint: {x: 0, y: 0, z: 0}
--- !u!1 &5419001576050389853
GameObject:
  m_ObjectHideFlags: 0
  m_CorrespondingSourceObject: {fileID: 0}
  m_PrefabInstance: {fileID: 0}
  m_PrefabAsset: {fileID: 0}
  serializedVersion: 6
  m_Component:
  - component: {fileID: 5270119477529904761}
  m_Layer: 8
  m_Name: joint19
  m_TagString: Untagged
  m_Icon: {fileID: 0}
  m_NavMeshLayer: 0
  m_StaticEditorFlags: 0
  m_IsActive: 1
--- !u!4 &5270119477529904761
Transform:
  m_ObjectHideFlags: 0
  m_CorrespondingSourceObject: {fileID: 0}
  m_PrefabInstance: {fileID: 0}
  m_PrefabAsset: {fileID: 0}
  m_GameObject: {fileID: 5419001576050389853}
  m_LocalRotation: {x: -0.23940429, y: -0.6653462, z: -0.23940429, w: 0.6653462}
  m_LocalPosition: {x: -0.14242224, y: -8.326672e-18, z: 4.7436135e-17}
  m_LocalScale: {x: 1, y: 1, z: 1}
  m_Children: []
  m_Father: {fileID: 2012478718178927797}
  m_RootOrder: 0
  m_LocalEulerAnglesHint: {x: 0, y: 0, z: 0}
--- !u!1 &5747537873404418432
GameObject:
  m_ObjectHideFlags: 0
  m_CorrespondingSourceObject: {fileID: 0}
  m_PrefabInstance: {fileID: 0}
  m_PrefabAsset: {fileID: 0}
  serializedVersion: 6
  m_Component:
  - component: {fileID: 2012478718178927797}
  m_Layer: 8
  m_Name: joint18
  m_TagString: Untagged
  m_Icon: {fileID: 0}
  m_NavMeshLayer: 0
  m_StaticEditorFlags: 0
  m_IsActive: 1
--- !u!4 &2012478718178927797
Transform:
  m_ObjectHideFlags: 0
  m_CorrespondingSourceObject: {fileID: 0}
  m_PrefabInstance: {fileID: 0}
  m_PrefabAsset: {fileID: 0}
  m_GameObject: {fileID: 5747537873404418432}
  m_LocalRotation: {x: -0.2892936, y: 0.6452203, z: 0.634071, w: 0.31297603}
  m_LocalPosition: {x: 0.02156041, y: -0.0045033176, z: 0.2922129}
  m_LocalScale: {x: 1, y: 1, z: 1}
  m_Children:
  - {fileID: 5270119477529904761}
  m_Father: {fileID: 3619671081919178206}
  m_RootOrder: 2
  m_LocalEulerAnglesHint: {x: 0, y: 0, z: 0}
--- !u!1 &6875595346501047635
GameObject:
  m_ObjectHideFlags: 0
  m_CorrespondingSourceObject: {fileID: 0}
  m_PrefabInstance: {fileID: 0}
  m_PrefabAsset: {fileID: 0}
  serializedVersion: 6
  m_Component:
  - component: {fileID: 6889926532520079087}
  m_Layer: 8
  m_Name: j_ala_der
  m_TagString: Untagged
  m_Icon: {fileID: 0}
  m_NavMeshLayer: 0
  m_StaticEditorFlags: 0
  m_IsActive: 1
--- !u!4 &6889926532520079087
Transform:
  m_ObjectHideFlags: 0
  m_CorrespondingSourceObject: {fileID: 0}
  m_PrefabInstance: {fileID: 0}
  m_PrefabAsset: {fileID: 0}
  m_GameObject: {fileID: 6875595346501047635}
  m_LocalRotation: {x: 0.3589767, y: 0.9185377, z: -0.0050486065, w: 0.16552593}
  m_LocalPosition: {x: -0.5477776, y: 0, z: -1.7069678e-16}
  m_LocalScale: {x: 1, y: 1, z: 1}
  m_Children: []
  m_Father: {fileID: 4925025119478495682}
  m_RootOrder: 0
  m_LocalEulerAnglesHint: {x: 0, y: 0, z: 0}
--- !u!1 &6977097892356553058
GameObject:
  m_ObjectHideFlags: 0
  m_CorrespondingSourceObject: {fileID: 0}
  m_PrefabInstance: {fileID: 0}
  m_PrefabAsset: {fileID: 0}
  serializedVersion: 6
  m_Component:
  - component: {fileID: 982903764434507311}
  m_Layer: 8
  m_Name: joint10
  m_TagString: Untagged
  m_Icon: {fileID: 0}
  m_NavMeshLayer: 0
  m_StaticEditorFlags: 0
  m_IsActive: 1
--- !u!4 &982903764434507311
Transform:
  m_ObjectHideFlags: 0
  m_CorrespondingSourceObject: {fileID: 0}
  m_PrefabInstance: {fileID: 0}
  m_PrefabAsset: {fileID: 0}
  m_GameObject: {fileID: 6977097892356553058}
  m_LocalRotation: {x: -0.08639602, y: 0.040568482, z: -0.42309752, w: 0.90104294}
  m_LocalPosition: {x: -0.44520515, y: -1.3322676e-16, z: 8.27403e-18}
  m_LocalScale: {x: 1, y: 1, z: 1}
  m_Children:
  - {fileID: 227902119426469627}
  m_Father: {fileID: 5107218633708200790}
  m_RootOrder: 0
  m_LocalEulerAnglesHint: {x: 0, y: 0, z: 0}
--- !u!1 &7265078598732698655
GameObject:
  m_ObjectHideFlags: 0
  m_CorrespondingSourceObject: {fileID: 0}
  m_PrefabInstance: {fileID: 0}
  m_PrefabAsset: {fileID: 0}
  serializedVersion: 6
  m_Component:
  - component: {fileID: 5107218633708200790}
  m_Layer: 8
  m_Name: joint9
  m_TagString: Untagged
  m_Icon: {fileID: 0}
  m_NavMeshLayer: 0
  m_StaticEditorFlags: 0
  m_IsActive: 1
--- !u!4 &5107218633708200790
Transform:
  m_ObjectHideFlags: 0
  m_CorrespondingSourceObject: {fileID: 0}
  m_PrefabInstance: {fileID: 0}
  m_PrefabAsset: {fileID: 0}
  m_GameObject: {fileID: 7265078598732698655}
  m_LocalRotation: {x: 0.980747, y: 0.19528273, z: 7.992784e-17, w: 4.6519453e-17}
  m_LocalPosition: {x: -0.5744699, y: 1.6653344e-17, z: -6.3778974e-17}
  m_LocalScale: {x: 1, y: 1, z: 1}
  m_Children:
  - {fileID: 982903764434507311}
  m_Father: {fileID: 1439689986678734029}
  m_RootOrder: 0
  m_LocalEulerAnglesHint: {x: 0, y: 0, z: 0}
--- !u!1 &7343478880458326935
GameObject:
  m_ObjectHideFlags: 0
  m_CorrespondingSourceObject: {fileID: 0}
  m_PrefabInstance: {fileID: 0}
  m_PrefabAsset: {fileID: 0}
  serializedVersion: 6
  m_Component:
  - component: {fileID: 919731586760742884}
  m_Layer: 8
  m_Name: joint14
  m_TagString: Untagged
  m_Icon: {fileID: 0}
  m_NavMeshLayer: 0
  m_StaticEditorFlags: 0
  m_IsActive: 1
--- !u!4 &919731586760742884
Transform:
  m_ObjectHideFlags: 0
  m_CorrespondingSourceObject: {fileID: 0}
  m_PrefabInstance: {fileID: 0}
  m_PrefabAsset: {fileID: 0}
  m_GameObject: {fileID: 7343478880458326935}
  m_LocalRotation: {x: -0.10071537, y: -0.23841919, z: -0.37587488, w: 0.88979256}
  m_LocalPosition: {x: -0.51149017, y: 2.664535e-16, z: 1.4571676e-16}
  m_LocalScale: {x: 1, y: 1, z: 1}
  m_Children: []
  m_Father: {fileID: 8928657752594515195}
  m_RootOrder: 0
  m_LocalEulerAnglesHint: {x: 0, y: 0, z: 0}
--- !u!1 &7714463746941728912
GameObject:
  m_ObjectHideFlags: 0
  m_CorrespondingSourceObject: {fileID: 0}
  m_PrefabInstance: {fileID: 0}
  m_PrefabAsset: {fileID: 0}
  serializedVersion: 6
  m_Component:
  - component: {fileID: 2275408650575006335}
  m_Layer: 8
  m_Name: joint5
  m_TagString: Untagged
  m_Icon: {fileID: 0}
  m_NavMeshLayer: 0
  m_StaticEditorFlags: 0
  m_IsActive: 1
--- !u!4 &2275408650575006335
Transform:
  m_ObjectHideFlags: 0
  m_CorrespondingSourceObject: {fileID: 0}
  m_PrefabInstance: {fileID: 0}
  m_PrefabAsset: {fileID: 0}
  m_GameObject: {fileID: 7714463746941728912}
  m_LocalRotation: {x: 0.00000000729825, y: -0.000000007573559, z: 0.69389784, w: 0.72007346}
  m_LocalPosition: {x: -0.1819961, y: -0.004194567, z: 0.20147686}
  m_LocalScale: {x: 1, y: 1, z: 1}
  m_Children: []
  m_Father: {fileID: 3619671081919178206}
  m_RootOrder: 0
  m_LocalEulerAnglesHint: {x: 0, y: 0, z: 0}
--- !u!1 &8000383980889853339
GameObject:
  m_ObjectHideFlags: 0
  m_CorrespondingSourceObject: {fileID: 0}
  m_PrefabInstance: {fileID: 0}
  m_PrefabAsset: {fileID: 0}
  serializedVersion: 6
  m_Component:
  - component: {fileID: 4981281229106634756}
  - component: {fileID: 5301853195304117250}
  m_Layer: 8
  m_Name: Spotlight
  m_TagString: Untagged
  m_Icon: {fileID: 0}
  m_NavMeshLayer: 0
  m_StaticEditorFlags: 65
  m_IsActive: 1
--- !u!4 &4981281229106634756
Transform:
  m_ObjectHideFlags: 0
  m_CorrespondingSourceObject: {fileID: 0}
  m_PrefabInstance: {fileID: 0}
  m_PrefabAsset: {fileID: 0}
  m_GameObject: {fileID: 8000383980889853339}
  m_LocalRotation: {x: 0.7071068, y: -0, z: -0, w: 0.7071068}
  m_LocalPosition: {x: -0.059999943, y: -0.65, z: 0.010000229}
  m_LocalScale: {x: 1, y: 1, z: 1}
  m_Children: []
  m_Father: {fileID: 6796080700908897169}
  m_RootOrder: 0
  m_LocalEulerAnglesHint: {x: 90, y: 0, z: 0}
--- !u!108 &5301853195304117250
Light:
  m_ObjectHideFlags: 0
  m_CorrespondingSourceObject: {fileID: 0}
  m_PrefabInstance: {fileID: 0}
  m_PrefabAsset: {fileID: 0}
  m_GameObject: {fileID: 8000383980889853339}
  m_Enabled: 1
  serializedVersion: 10
  m_Type: 0
  m_Shape: 0
  m_Color: {r: 0, g: 0.666, b: 1, a: 1}
  m_Intensity: 89.83
  m_Range: 6.6987705
  m_SpotAngle: 69.06656
  m_InnerSpotAngle: 52.633823
  m_CookieSize: 10
  m_Shadows:
    m_Type: 0
    m_Resolution: -1
    m_CustomResolution: -1
    m_Strength: 1
    m_Bias: 0.05
    m_NormalBias: 0.4
    m_NearPlane: 0.2
    m_CullingMatrixOverride:
      e00: 1
      e01: 0
      e02: 0
      e03: 0
      e10: 0
      e11: 1
      e12: 0
      e13: 0
      e20: 0
      e21: 0
      e22: 1
      e23: 0
      e30: 0
      e31: 0
      e32: 0
      e33: 1
    m_UseCullingMatrixOverride: 0
  m_Cookie: {fileID: 0}
  m_DrawHalo: 1
  m_Flare: {fileID: 0}
  m_RenderMode: 0
  m_CullingMask:
    serializedVersion: 2
    m_Bits: 4294967295
  m_RenderingLayerMask: 1
  m_Lightmapping: 4
  m_LightShadowCasterMode: 0
  m_AreaSize: {x: 1, y: 1}
  m_BounceIntensity: 1
  m_ColorTemperature: 6570
  m_UseColorTemperature: 0
  m_BoundingSphereOverride: {x: 0, y: 0, z: 0, w: 0}
  m_UseBoundingSphereOverride: 0
  m_UseViewFrustumForShadowCasterCull: 1
  m_ShadowRadius: 0
  m_ShadowAngle: 0
--- !u!1 &8364212099508554342
GameObject:
  m_ObjectHideFlags: 0
  m_CorrespondingSourceObject: {fileID: 0}
  m_PrefabInstance: {fileID: 0}
  m_PrefabAsset: {fileID: 0}
  serializedVersion: 6
  m_Component:
  - component: {fileID: 2037303956251627960}
  m_Layer: 8
  m_Name: joint17
  m_TagString: Untagged
  m_Icon: {fileID: 0}
  m_NavMeshLayer: 0
  m_StaticEditorFlags: 0
  m_IsActive: 1
--- !u!4 &2037303956251627960
Transform:
  m_ObjectHideFlags: 0
  m_CorrespondingSourceObject: {fileID: 0}
  m_PrefabInstance: {fileID: 0}
  m_PrefabAsset: {fileID: 0}
  m_GameObject: {fileID: 8364212099508554342}
  m_LocalRotation: {x: 0.000000014540385, y: -0.00000001524305, z: 0.69389784, w: 0.72007346}
  m_LocalPosition: {x: 0.22778821, y: -0.0121413795, z: 0.17512399}
  m_LocalScale: {x: 1, y: 1, z: 1}
  m_Children: []
  m_Father: {fileID: 3619671081919178206}
  m_RootOrder: 1
  m_LocalEulerAnglesHint: {x: 0, y: 0, z: 0}
--- !u!1 &8983338434311078195
GameObject:
  m_ObjectHideFlags: 0
  m_CorrespondingSourceObject: {fileID: 0}
  m_PrefabInstance: {fileID: 0}
  m_PrefabAsset: {fileID: 0}
  serializedVersion: 6
  m_Component:
  - component: {fileID: 7999538186228833737}
  m_Layer: 8
  m_Name: joint8
  m_TagString: Untagged
  m_Icon: {fileID: 0}
  m_NavMeshLayer: 0
  m_StaticEditorFlags: 0
  m_IsActive: 1
--- !u!4 &7999538186228833737
Transform:
  m_ObjectHideFlags: 0
  m_CorrespondingSourceObject: {fileID: 0}
  m_PrefabInstance: {fileID: 0}
  m_PrefabAsset: {fileID: 0}
  m_GameObject: {fileID: 8983338434311078195}
  m_LocalRotation: {x: 0.2513516, y: 0.71775985, z: 0.6261515, w: -0.17198098}
  m_LocalPosition: {x: 0.40069962, y: 0.23276521, z: 0.07571552}
  m_LocalScale: {x: 1, y: 1, z: 1}
  m_Children:
  - {fileID: 144332362194821250}
  m_Father: {fileID: 4560673631154419989}
  m_RootOrder: 2
  m_LocalEulerAnglesHint: {x: 0, y: 0, z: 0}
--- !u!1001 &847301867516668963
PrefabInstance:
  m_ObjectHideFlags: 0
  serializedVersion: 2
  m_Modification:
    m_TransformParent: {fileID: 8336293163364835628}
    m_Modifications:
    - target: {fileID: 1552013637140034, guid: b973a8f75e4fa0b4a88853a832477d82, type: 3}
      propertyPath: m_Name
      value: nitro
      objectReference: {fileID: 0}
    - target: {fileID: 4692561806288404, guid: b973a8f75e4fa0b4a88853a832477d82, type: 3}
      propertyPath: m_RootOrder
      value: 0
      objectReference: {fileID: 0}
    - target: {fileID: 4692561806288404, guid: b973a8f75e4fa0b4a88853a832477d82, type: 3}
      propertyPath: m_LocalPosition.x
      value: 0
      objectReference: {fileID: 0}
    - target: {fileID: 4692561806288404, guid: b973a8f75e4fa0b4a88853a832477d82, type: 3}
      propertyPath: m_LocalPosition.y
      value: -0.253
      objectReference: {fileID: 0}
    - target: {fileID: 4692561806288404, guid: b973a8f75e4fa0b4a88853a832477d82, type: 3}
      propertyPath: m_LocalPosition.z
      value: -0.985
      objectReference: {fileID: 0}
    - target: {fileID: 4692561806288404, guid: b973a8f75e4fa0b4a88853a832477d82, type: 3}
      propertyPath: m_LocalRotation.w
      value: 1
      objectReference: {fileID: 0}
    - target: {fileID: 4692561806288404, guid: b973a8f75e4fa0b4a88853a832477d82, type: 3}
      propertyPath: m_LocalRotation.x
      value: 0
      objectReference: {fileID: 0}
    - target: {fileID: 4692561806288404, guid: b973a8f75e4fa0b4a88853a832477d82, type: 3}
      propertyPath: m_LocalRotation.y
      value: 0
      objectReference: {fileID: 0}
    - target: {fileID: 4692561806288404, guid: b973a8f75e4fa0b4a88853a832477d82, type: 3}
      propertyPath: m_LocalRotation.z
      value: 0
      objectReference: {fileID: 0}
    - target: {fileID: 4692561806288404, guid: b973a8f75e4fa0b4a88853a832477d82, type: 3}
      propertyPath: m_LocalEulerAnglesHint.x
      value: 0
      objectReference: {fileID: 0}
    - target: {fileID: 4692561806288404, guid: b973a8f75e4fa0b4a88853a832477d82, type: 3}
      propertyPath: m_LocalEulerAnglesHint.y
      value: 0
      objectReference: {fileID: 0}
    - target: {fileID: 4692561806288404, guid: b973a8f75e4fa0b4a88853a832477d82, type: 3}
      propertyPath: m_LocalEulerAnglesHint.z
      value: 0
      objectReference: {fileID: 0}
    m_RemovedComponents: []
  m_SourcePrefab: {fileID: 100100000, guid: b973a8f75e4fa0b4a88853a832477d82, type: 3}
--- !u!1001 &5466956349258811063
PrefabInstance:
  m_ObjectHideFlags: 0
  serializedVersion: 2
  m_Modification:
    m_TransformParent: {fileID: 184706640481676854}
    m_Modifications:
    - target: {fileID: 7620397216639865542, guid: 0e6639821e685ee4192a629a7f3a98cd,
        type: 3}
      propertyPath: m_RootOrder
      value: 5
      objectReference: {fileID: 0}
    - target: {fileID: 7620397216639865542, guid: 0e6639821e685ee4192a629a7f3a98cd,
        type: 3}
      propertyPath: m_LocalPosition.x
      value: 0
      objectReference: {fileID: 0}
    - target: {fileID: 7620397216639865542, guid: 0e6639821e685ee4192a629a7f3a98cd,
        type: 3}
      propertyPath: m_LocalPosition.y
      value: 1.55
      objectReference: {fileID: 0}
    - target: {fileID: 7620397216639865542, guid: 0e6639821e685ee4192a629a7f3a98cd,
        type: 3}
      propertyPath: m_LocalPosition.z
      value: 0
      objectReference: {fileID: 0}
    - target: {fileID: 7620397216639865542, guid: 0e6639821e685ee4192a629a7f3a98cd,
        type: 3}
      propertyPath: m_LocalRotation.w
      value: 0.7071068
      objectReference: {fileID: 0}
    - target: {fileID: 7620397216639865542, guid: 0e6639821e685ee4192a629a7f3a98cd,
        type: 3}
      propertyPath: m_LocalRotation.x
      value: -0.7071068
      objectReference: {fileID: 0}
    - target: {fileID: 7620397216639865542, guid: 0e6639821e685ee4192a629a7f3a98cd,
        type: 3}
      propertyPath: m_LocalRotation.y
      value: 0
      objectReference: {fileID: 0}
    - target: {fileID: 7620397216639865542, guid: 0e6639821e685ee4192a629a7f3a98cd,
        type: 3}
      propertyPath: m_LocalRotation.z
      value: 0
      objectReference: {fileID: 0}
    - target: {fileID: 7620397216639865542, guid: 0e6639821e685ee4192a629a7f3a98cd,
        type: 3}
      propertyPath: m_LocalEulerAnglesHint.x
      value: -90
      objectReference: {fileID: 0}
    - target: {fileID: 7620397216639865542, guid: 0e6639821e685ee4192a629a7f3a98cd,
        type: 3}
      propertyPath: m_LocalEulerAnglesHint.y
      value: 0
      objectReference: {fileID: 0}
    - target: {fileID: 7620397216639865542, guid: 0e6639821e685ee4192a629a7f3a98cd,
        type: 3}
      propertyPath: m_LocalEulerAnglesHint.z
      value: 0
      objectReference: {fileID: 0}
    - target: {fileID: 7620397216639865562, guid: 0e6639821e685ee4192a629a7f3a98cd,
        type: 3}
      propertyPath: m_Name
      value: Particle-choque
      objectReference: {fileID: 0}
    m_RemovedComponents: []
  m_SourcePrefab: {fileID: 100100000, guid: 0e6639821e685ee4192a629a7f3a98cd, type: 3}
--- !u!4 &2458843563238265969 stripped
Transform:
  m_CorrespondingSourceObject: {fileID: 7620397216639865542, guid: 0e6639821e685ee4192a629a7f3a98cd,
    type: 3}
  m_PrefabInstance: {fileID: 5466956349258811063}
  m_PrefabAsset: {fileID: 0}
--- !u!1001 &5996615317298533666
PrefabInstance:
  m_ObjectHideFlags: 0
  serializedVersion: 2
  m_Modification:
    m_TransformParent: {fileID: 184706640481676854}
    m_Modifications:
    - target: {fileID: 834668421, guid: 7dedb5af78eaa76459eef8157b8cc065, type: 3}
      propertyPath: m_Name
      value: escudo proteccion
      objectReference: {fileID: 0}
    - target: {fileID: 834668421, guid: 7dedb5af78eaa76459eef8157b8cc065, type: 3}
      propertyPath: m_IsActive
      value: 0
      objectReference: {fileID: 0}
    - target: {fileID: 834668424, guid: 7dedb5af78eaa76459eef8157b8cc065, type: 3}
      propertyPath: m_RootOrder
      value: 1
      objectReference: {fileID: 0}
    - target: {fileID: 834668424, guid: 7dedb5af78eaa76459eef8157b8cc065, type: 3}
      propertyPath: m_LocalScale.x
      value: 8.505558
      objectReference: {fileID: 0}
    - target: {fileID: 834668424, guid: 7dedb5af78eaa76459eef8157b8cc065, type: 3}
      propertyPath: m_LocalScale.y
      value: 8.505558
      objectReference: {fileID: 0}
    - target: {fileID: 834668424, guid: 7dedb5af78eaa76459eef8157b8cc065, type: 3}
      propertyPath: m_LocalScale.z
      value: 8.505558
      objectReference: {fileID: 0}
    - target: {fileID: 834668424, guid: 7dedb5af78eaa76459eef8157b8cc065, type: 3}
      propertyPath: m_LocalPosition.x
      value: -0.023754
      objectReference: {fileID: 0}
    - target: {fileID: 834668424, guid: 7dedb5af78eaa76459eef8157b8cc065, type: 3}
      propertyPath: m_LocalPosition.y
      value: 1.85
      objectReference: {fileID: 0}
    - target: {fileID: 834668424, guid: 7dedb5af78eaa76459eef8157b8cc065, type: 3}
      propertyPath: m_LocalPosition.z
      value: 0.409
      objectReference: {fileID: 0}
    - target: {fileID: 834668424, guid: 7dedb5af78eaa76459eef8157b8cc065, type: 3}
      propertyPath: m_LocalRotation.w
      value: 1
      objectReference: {fileID: 0}
    - target: {fileID: 834668424, guid: 7dedb5af78eaa76459eef8157b8cc065, type: 3}
      propertyPath: m_LocalRotation.x
      value: 0
      objectReference: {fileID: 0}
    - target: {fileID: 834668424, guid: 7dedb5af78eaa76459eef8157b8cc065, type: 3}
      propertyPath: m_LocalRotation.y
      value: 0
      objectReference: {fileID: 0}
    - target: {fileID: 834668424, guid: 7dedb5af78eaa76459eef8157b8cc065, type: 3}
      propertyPath: m_LocalRotation.z
      value: 0
      objectReference: {fileID: 0}
    - target: {fileID: 834668424, guid: 7dedb5af78eaa76459eef8157b8cc065, type: 3}
      propertyPath: m_LocalEulerAnglesHint.x
      value: 0
      objectReference: {fileID: 0}
    - target: {fileID: 834668424, guid: 7dedb5af78eaa76459eef8157b8cc065, type: 3}
      propertyPath: m_LocalEulerAnglesHint.y
      value: 0
      objectReference: {fileID: 0}
    - target: {fileID: 834668424, guid: 7dedb5af78eaa76459eef8157b8cc065, type: 3}
      propertyPath: m_LocalEulerAnglesHint.z
      value: 0
      objectReference: {fileID: 0}
    m_RemovedComponents: []
  m_SourcePrefab: {fileID: 100100000, guid: 7dedb5af78eaa76459eef8157b8cc065, type: 3}
--- !u!4 &5996615317596328618 stripped
Transform:
  m_CorrespondingSourceObject: {fileID: 834668424, guid: 7dedb5af78eaa76459eef8157b8cc065,
    type: 3}
  m_PrefabInstance: {fileID: 5996615317298533666}
  m_PrefabAsset: {fileID: 0}
--- !u!1001 &6062436440525723780
PrefabInstance:
  m_ObjectHideFlags: 0
  serializedVersion: 2
  m_Modification:
    m_TransformParent: {fileID: 184706640481676854}
    m_Modifications:
    - target: {fileID: 130620, guid: 1bff3d95f687092458215d6af5ecc998, type: 3}
      propertyPath: m_Name
      value: SmokeWhiteSoftTrail
      objectReference: {fileID: 0}
    - target: {fileID: 437806, guid: 1bff3d95f687092458215d6af5ecc998, type: 3}
      propertyPath: m_RootOrder
      value: 6
      objectReference: {fileID: 0}
    - target: {fileID: 437806, guid: 1bff3d95f687092458215d6af5ecc998, type: 3}
      propertyPath: m_LocalPosition.x
      value: 0
      objectReference: {fileID: 0}
    - target: {fileID: 437806, guid: 1bff3d95f687092458215d6af5ecc998, type: 3}
      propertyPath: m_LocalPosition.y
      value: 0
      objectReference: {fileID: 0}
    - target: {fileID: 437806, guid: 1bff3d95f687092458215d6af5ecc998, type: 3}
      propertyPath: m_LocalPosition.z
      value: 0
      objectReference: {fileID: 0}
    - target: {fileID: 437806, guid: 1bff3d95f687092458215d6af5ecc998, type: 3}
      propertyPath: m_LocalRotation.w
      value: 0.7071068
      objectReference: {fileID: 0}
    - target: {fileID: 437806, guid: 1bff3d95f687092458215d6af5ecc998, type: 3}
      propertyPath: m_LocalRotation.x
      value: -0.7071068
      objectReference: {fileID: 0}
    - target: {fileID: 437806, guid: 1bff3d95f687092458215d6af5ecc998, type: 3}
      propertyPath: m_LocalRotation.y
      value: 0
      objectReference: {fileID: 0}
    - target: {fileID: 437806, guid: 1bff3d95f687092458215d6af5ecc998, type: 3}
      propertyPath: m_LocalRotation.z
      value: 0
      objectReference: {fileID: 0}
    - target: {fileID: 437806, guid: 1bff3d95f687092458215d6af5ecc998, type: 3}
      propertyPath: m_LocalEulerAnglesHint.x
      value: -90
      objectReference: {fileID: 0}
    - target: {fileID: 437806, guid: 1bff3d95f687092458215d6af5ecc998, type: 3}
      propertyPath: m_LocalEulerAnglesHint.y
      value: 0
      objectReference: {fileID: 0}
    - target: {fileID: 437806, guid: 1bff3d95f687092458215d6af5ecc998, type: 3}
      propertyPath: m_LocalEulerAnglesHint.z
      value: 0
      objectReference: {fileID: 0}
    m_RemovedComponents: []
  m_SourcePrefab: {fileID: 100100000, guid: 1bff3d95f687092458215d6af5ecc998, type: 3}
--- !u!4 &6062436440525895338 stripped
Transform:
  m_CorrespondingSourceObject: {fileID: 437806, guid: 1bff3d95f687092458215d6af5ecc998,
    type: 3}
  m_PrefabInstance: {fileID: 6062436440525723780}
  m_PrefabAsset: {fileID: 0}
--- !u!1001 &8336293163365235696
PrefabInstance:
  m_ObjectHideFlags: 0
  serializedVersion: 2
  m_Modification:
    m_TransformParent: {fileID: 184706640481676854}
    m_Modifications:
    - target: {fileID: 100000, guid: 320ffe5688c651b41b800874ee9ddf1e, type: 3}
      propertyPath: m_Layer
      value: 8
      objectReference: {fileID: 0}
    - target: {fileID: 100000, guid: 320ffe5688c651b41b800874ee9ddf1e, type: 3}
      propertyPath: m_IsActive
      value: 1
      objectReference: {fileID: 0}
    - target: {fileID: 100002, guid: 320ffe5688c651b41b800874ee9ddf1e, type: 3}
      propertyPath: m_Layer
      value: 8
      objectReference: {fileID: 0}
    - target: {fileID: 100002, guid: 320ffe5688c651b41b800874ee9ddf1e, type: 3}
      propertyPath: m_IsActive
      value: 1
      objectReference: {fileID: 0}
    - target: {fileID: 100004, guid: 320ffe5688c651b41b800874ee9ddf1e, type: 3}
      propertyPath: m_Layer
      value: 8
      objectReference: {fileID: 0}
    - target: {fileID: 100006, guid: 320ffe5688c651b41b800874ee9ddf1e, type: 3}
      propertyPath: m_Layer
      value: 8
      objectReference: {fileID: 0}
    - target: {fileID: 100008, guid: 320ffe5688c651b41b800874ee9ddf1e, type: 3}
      propertyPath: m_Layer
      value: 8
      objectReference: {fileID: 0}
    - target: {fileID: 100008, guid: 320ffe5688c651b41b800874ee9ddf1e, type: 3}
      propertyPath: m_IsActive
      value: 1
      objectReference: {fileID: 0}
    - target: {fileID: 100010, guid: 320ffe5688c651b41b800874ee9ddf1e, type: 3}
      propertyPath: m_Layer
      value: 8
      objectReference: {fileID: 0}
    - target: {fileID: 100012, guid: 320ffe5688c651b41b800874ee9ddf1e, type: 3}
      propertyPath: m_Layer
      value: 8
      objectReference: {fileID: 0}
    - target: {fileID: 100014, guid: 320ffe5688c651b41b800874ee9ddf1e, type: 3}
      propertyPath: m_Layer
      value: 8
      objectReference: {fileID: 0}
    - target: {fileID: 100016, guid: 320ffe5688c651b41b800874ee9ddf1e, type: 3}
      propertyPath: m_Layer
      value: 8
      objectReference: {fileID: 0}
    - target: {fileID: 100018, guid: 320ffe5688c651b41b800874ee9ddf1e, type: 3}
      propertyPath: m_Layer
      value: 8
      objectReference: {fileID: 0}
    - target: {fileID: 100020, guid: 320ffe5688c651b41b800874ee9ddf1e, type: 3}
      propertyPath: m_Layer
      value: 8
      objectReference: {fileID: 0}
    - target: {fileID: 100022, guid: 320ffe5688c651b41b800874ee9ddf1e, type: 3}
      propertyPath: m_Layer
      value: 8
      objectReference: {fileID: 0}
    - target: {fileID: 100024, guid: 320ffe5688c651b41b800874ee9ddf1e, type: 3}
      propertyPath: m_Layer
      value: 8
      objectReference: {fileID: 0}
    - target: {fileID: 100024, guid: 320ffe5688c651b41b800874ee9ddf1e, type: 3}
      propertyPath: m_IsActive
      value: 0
      objectReference: {fileID: 0}
    - target: {fileID: 100026, guid: 320ffe5688c651b41b800874ee9ddf1e, type: 3}
      propertyPath: m_Layer
      value: 8
      objectReference: {fileID: 0}
    - target: {fileID: 100028, guid: 320ffe5688c651b41b800874ee9ddf1e, type: 3}
      propertyPath: m_Layer
      value: 8
      objectReference: {fileID: 0}
    - target: {fileID: 100030, guid: 320ffe5688c651b41b800874ee9ddf1e, type: 3}
      propertyPath: m_Layer
      value: 8
      objectReference: {fileID: 0}
    - target: {fileID: 100032, guid: 320ffe5688c651b41b800874ee9ddf1e, type: 3}
      propertyPath: m_Layer
      value: 8
      objectReference: {fileID: 0}
    - target: {fileID: 100034, guid: 320ffe5688c651b41b800874ee9ddf1e, type: 3}
      propertyPath: m_Name
      value: dilo3
      objectReference: {fileID: 0}
    - target: {fileID: 100034, guid: 320ffe5688c651b41b800874ee9ddf1e, type: 3}
      propertyPath: m_Layer
      value: 8
      objectReference: {fileID: 0}
    - target: {fileID: 100034, guid: 320ffe5688c651b41b800874ee9ddf1e, type: 3}
      propertyPath: m_TagString
      value: Dinosaur
      objectReference: {fileID: 0}
    - target: {fileID: 100036, guid: 320ffe5688c651b41b800874ee9ddf1e, type: 3}
      propertyPath: m_Layer
      value: 8
      objectReference: {fileID: 0}
    - target: {fileID: 100036, guid: 320ffe5688c651b41b800874ee9ddf1e, type: 3}
      propertyPath: m_IsActive
      value: 1
      objectReference: {fileID: 0}
    - target: {fileID: 100038, guid: 320ffe5688c651b41b800874ee9ddf1e, type: 3}
      propertyPath: m_Layer
      value: 8
      objectReference: {fileID: 0}
    - target: {fileID: 100040, guid: 320ffe5688c651b41b800874ee9ddf1e, type: 3}
      propertyPath: m_Layer
      value: 8
      objectReference: {fileID: 0}
    - target: {fileID: 100042, guid: 320ffe5688c651b41b800874ee9ddf1e, type: 3}
      propertyPath: m_Layer
      value: 8
      objectReference: {fileID: 0}
    - target: {fileID: 100044, guid: 320ffe5688c651b41b800874ee9ddf1e, type: 3}
      propertyPath: m_Layer
      value: 8
      objectReference: {fileID: 0}
    - target: {fileID: 100046, guid: 320ffe5688c651b41b800874ee9ddf1e, type: 3}
      propertyPath: m_Layer
      value: 8
      objectReference: {fileID: 0}
    - target: {fileID: 100048, guid: 320ffe5688c651b41b800874ee9ddf1e, type: 3}
      propertyPath: m_Layer
      value: 8
      objectReference: {fileID: 0}
    - target: {fileID: 100050, guid: 320ffe5688c651b41b800874ee9ddf1e, type: 3}
      propertyPath: m_Layer
      value: 8
      objectReference: {fileID: 0}
    - target: {fileID: 100052, guid: 320ffe5688c651b41b800874ee9ddf1e, type: 3}
      propertyPath: m_Layer
      value: 8
      objectReference: {fileID: 0}
    - target: {fileID: 100054, guid: 320ffe5688c651b41b800874ee9ddf1e, type: 3}
      propertyPath: m_Layer
      value: 8
      objectReference: {fileID: 0}
    - target: {fileID: 100056, guid: 320ffe5688c651b41b800874ee9ddf1e, type: 3}
      propertyPath: m_Layer
      value: 8
      objectReference: {fileID: 0}
    - target: {fileID: 100058, guid: 320ffe5688c651b41b800874ee9ddf1e, type: 3}
      propertyPath: m_Layer
      value: 8
      objectReference: {fileID: 0}
    - target: {fileID: 100060, guid: 320ffe5688c651b41b800874ee9ddf1e, type: 3}
      propertyPath: m_Layer
      value: 8
      objectReference: {fileID: 0}
    - target: {fileID: 100062, guid: 320ffe5688c651b41b800874ee9ddf1e, type: 3}
      propertyPath: m_Layer
      value: 8
      objectReference: {fileID: 0}
    - target: {fileID: 100064, guid: 320ffe5688c651b41b800874ee9ddf1e, type: 3}
      propertyPath: m_Layer
      value: 8
      objectReference: {fileID: 0}
    - target: {fileID: 100066, guid: 320ffe5688c651b41b800874ee9ddf1e, type: 3}
      propertyPath: m_Layer
      value: 8
      objectReference: {fileID: 0}
    - target: {fileID: 100068, guid: 320ffe5688c651b41b800874ee9ddf1e, type: 3}
      propertyPath: m_Layer
      value: 8
      objectReference: {fileID: 0}
    - target: {fileID: 100070, guid: 320ffe5688c651b41b800874ee9ddf1e, type: 3}
      propertyPath: m_Layer
      value: 8
      objectReference: {fileID: 0}
    - target: {fileID: 100072, guid: 320ffe5688c651b41b800874ee9ddf1e, type: 3}
      propertyPath: m_Layer
      value: 8
      objectReference: {fileID: 0}
    - target: {fileID: 100074, guid: 320ffe5688c651b41b800874ee9ddf1e, type: 3}
      propertyPath: m_Layer
      value: 8
      objectReference: {fileID: 0}
    - target: {fileID: 100076, guid: 320ffe5688c651b41b800874ee9ddf1e, type: 3}
      propertyPath: m_Layer
      value: 8
      objectReference: {fileID: 0}
    - target: {fileID: 100078, guid: 320ffe5688c651b41b800874ee9ddf1e, type: 3}
      propertyPath: m_Layer
      value: 8
      objectReference: {fileID: 0}
    - target: {fileID: 100080, guid: 320ffe5688c651b41b800874ee9ddf1e, type: 3}
      propertyPath: m_Layer
      value: 8
      objectReference: {fileID: 0}
    - target: {fileID: 100082, guid: 320ffe5688c651b41b800874ee9ddf1e, type: 3}
      propertyPath: m_Layer
      value: 8
      objectReference: {fileID: 0}
    - target: {fileID: 100084, guid: 320ffe5688c651b41b800874ee9ddf1e, type: 3}
      propertyPath: m_Layer
      value: 8
      objectReference: {fileID: 0}
    - target: {fileID: 100086, guid: 320ffe5688c651b41b800874ee9ddf1e, type: 3}
      propertyPath: m_Layer
      value: 8
      objectReference: {fileID: 0}
    - target: {fileID: 100088, guid: 320ffe5688c651b41b800874ee9ddf1e, type: 3}
      propertyPath: m_Layer
      value: 8
      objectReference: {fileID: 0}
    - target: {fileID: 100090, guid: 320ffe5688c651b41b800874ee9ddf1e, type: 3}
      propertyPath: m_Layer
      value: 8
      objectReference: {fileID: 0}
    - target: {fileID: 100090, guid: 320ffe5688c651b41b800874ee9ddf1e, type: 3}
      propertyPath: m_IsActive
      value: 1
      objectReference: {fileID: 0}
    - target: {fileID: 100092, guid: 320ffe5688c651b41b800874ee9ddf1e, type: 3}
      propertyPath: m_Layer
      value: 8
      objectReference: {fileID: 0}
    - target: {fileID: 100092, guid: 320ffe5688c651b41b800874ee9ddf1e, type: 3}
      propertyPath: m_IsActive
      value: 0
      objectReference: {fileID: 0}
    - target: {fileID: 100094, guid: 320ffe5688c651b41b800874ee9ddf1e, type: 3}
      propertyPath: m_Layer
      value: 8
      objectReference: {fileID: 0}
    - target: {fileID: 100094, guid: 320ffe5688c651b41b800874ee9ddf1e, type: 3}
      propertyPath: m_IsActive
      value: 1
      objectReference: {fileID: 0}
    - target: {fileID: 400034, guid: 320ffe5688c651b41b800874ee9ddf1e, type: 3}
      propertyPath: m_RootOrder
      value: 0
      objectReference: {fileID: 0}
    - target: {fileID: 400034, guid: 320ffe5688c651b41b800874ee9ddf1e, type: 3}
      propertyPath: m_LocalScale.x
      value: 1.3
      objectReference: {fileID: 0}
    - target: {fileID: 400034, guid: 320ffe5688c651b41b800874ee9ddf1e, type: 3}
      propertyPath: m_LocalScale.y
      value: 1.3
      objectReference: {fileID: 0}
    - target: {fileID: 400034, guid: 320ffe5688c651b41b800874ee9ddf1e, type: 3}
      propertyPath: m_LocalScale.z
      value: 1.3
      objectReference: {fileID: 0}
    - target: {fileID: 400034, guid: 320ffe5688c651b41b800874ee9ddf1e, type: 3}
      propertyPath: m_LocalPosition.x
      value: 0.032736
      objectReference: {fileID: 0}
    - target: {fileID: 400034, guid: 320ffe5688c651b41b800874ee9ddf1e, type: 3}
      propertyPath: m_LocalPosition.y
      value: 0
      objectReference: {fileID: 0}
    - target: {fileID: 400034, guid: 320ffe5688c651b41b800874ee9ddf1e, type: 3}
      propertyPath: m_LocalPosition.z
      value: 0.025674
      objectReference: {fileID: 0}
    - target: {fileID: 400034, guid: 320ffe5688c651b41b800874ee9ddf1e, type: 3}
      propertyPath: m_LocalRotation.w
      value: 1
      objectReference: {fileID: 0}
    - target: {fileID: 400034, guid: 320ffe5688c651b41b800874ee9ddf1e, type: 3}
      propertyPath: m_LocalRotation.x
      value: 0
      objectReference: {fileID: 0}
    - target: {fileID: 400034, guid: 320ffe5688c651b41b800874ee9ddf1e, type: 3}
      propertyPath: m_LocalRotation.y
      value: 0
      objectReference: {fileID: 0}
    - target: {fileID: 400034, guid: 320ffe5688c651b41b800874ee9ddf1e, type: 3}
      propertyPath: m_LocalRotation.z
      value: 0
      objectReference: {fileID: 0}
    - target: {fileID: 400034, guid: 320ffe5688c651b41b800874ee9ddf1e, type: 3}
      propertyPath: m_LocalEulerAnglesHint.x
      value: 0
      objectReference: {fileID: 0}
    - target: {fileID: 400034, guid: 320ffe5688c651b41b800874ee9ddf1e, type: 3}
      propertyPath: m_LocalEulerAnglesHint.y
      value: 0
      objectReference: {fileID: 0}
    - target: {fileID: 400034, guid: 320ffe5688c651b41b800874ee9ddf1e, type: 3}
      propertyPath: m_LocalEulerAnglesHint.z
      value: 0
      objectReference: {fileID: 0}
    - target: {fileID: 400052, guid: 320ffe5688c651b41b800874ee9ddf1e, type: 3}
      propertyPath: m_LocalRotation.w
      value: -0.6511135
      objectReference: {fileID: 0}
    - target: {fileID: 400052, guid: 320ffe5688c651b41b800874ee9ddf1e, type: 3}
      propertyPath: m_LocalRotation.x
      value: 0.27577382
      objectReference: {fileID: 0}
    - target: {fileID: 400052, guid: 320ffe5688c651b41b800874ee9ddf1e, type: 3}
      propertyPath: m_LocalRotation.y
      value: 0.6511135
      objectReference: {fileID: 0}
    - target: {fileID: 400052, guid: 320ffe5688c651b41b800874ee9ddf1e, type: 3}
      propertyPath: m_LocalRotation.z
      value: 0.27577382
      objectReference: {fileID: 0}
    - target: {fileID: 400054, guid: 320ffe5688c651b41b800874ee9ddf1e, type: 3}
      propertyPath: m_LocalRotation.w
      value: -0.6511135
      objectReference: {fileID: 0}
    - target: {fileID: 400054, guid: 320ffe5688c651b41b800874ee9ddf1e, type: 3}
      propertyPath: m_LocalRotation.x
      value: 0.27577382
      objectReference: {fileID: 0}
    - target: {fileID: 400054, guid: 320ffe5688c651b41b800874ee9ddf1e, type: 3}
      propertyPath: m_LocalRotation.y
      value: 0.6511135
      objectReference: {fileID: 0}
    - target: {fileID: 400054, guid: 320ffe5688c651b41b800874ee9ddf1e, type: 3}
      propertyPath: m_LocalRotation.z
      value: 0.27577382
      objectReference: {fileID: 0}
    - target: {fileID: 9500000, guid: 320ffe5688c651b41b800874ee9ddf1e, type: 3}
      propertyPath: m_Controller
      value: 
      objectReference: {fileID: 9100000, guid: 3a841d79a9a336d408af3f1f53558501, type: 2}
    - target: {fileID: 13700008, guid: 320ffe5688c651b41b800874ee9ddf1e, type: 3}
      propertyPath: m_BlendShapeWeights.Array.size
      value: 1
      objectReference: {fileID: 0}
    m_RemovedComponents: []
  m_SourcePrefab: {fileID: 100100000, guid: 320ffe5688c651b41b800874ee9ddf1e, type: 3}
--- !u!4 &8336293163364835666 stripped
Transform:
  m_CorrespondingSourceObject: {fileID: 400034, guid: 320ffe5688c651b41b800874ee9ddf1e,
    type: 3}
  m_PrefabInstance: {fileID: 8336293163365235696}
  m_PrefabAsset: {fileID: 0}
--- !u!4 &8336293163364835628 stripped
Transform:
  m_CorrespondingSourceObject: {fileID: 400092, guid: 320ffe5688c651b41b800874ee9ddf1e,
    type: 3}
  m_PrefabInstance: {fileID: 8336293163365235696}
  m_PrefabAsset: {fileID: 0}
--- !u!1 &8336293163365268786 stripped
GameObject:
  m_CorrespondingSourceObject: {fileID: 100034, guid: 320ffe5688c651b41b800874ee9ddf1e,
    type: 3}
  m_PrefabInstance: {fileID: 8336293163365235696}
  m_PrefabAsset: {fileID: 0}
--- !u!114 &6310845101310398116
MonoBehaviour:
  m_ObjectHideFlags: 0
  m_CorrespondingSourceObject: {fileID: 0}
  m_PrefabInstance: {fileID: 0}
  m_PrefabAsset: {fileID: 0}
  m_GameObject: {fileID: 8336293163365268786}
  m_Enabled: 1
  m_EditorHideFlags: 0
  m_Script: {fileID: 11500000, guid: 6e4b747c1b519d747abb815849c95dc2, type: 3}
  m_Name: 
  m_EditorClassIdentifier: 
  nameID: Dolphi
--- !u!114 &6310845101310398122
MonoBehaviour:
  m_ObjectHideFlags: 0
  m_CorrespondingSourceObject: {fileID: 0}
  m_PrefabInstance: {fileID: 0}
  m_PrefabAsset: {fileID: 0}
  m_GameObject: {fileID: 8336293163365268786}
  m_Enabled: 1
  m_EditorHideFlags: 0
  m_Script: {fileID: 11500000, guid: d9f9fd26eaa7dd54d8a1926b785e5bed, type: 3}
  m_Name: 
  m_EditorClassIdentifier: 
  isAnimated: 1
  isRotating: 1
  isFloating: 0
  isScaling: 0
  rotationAngle: {x: 0, y: 5, z: 0}
  rotationSpeed: 4
  floatSpeed: 0
  floatRate: 0
  startScale: {x: 0, y: 0, z: 0}
  endScale: {x: 0, y: 0, z: 0}
  scaleSpeed: 0
  scaleRate: 0
--- !u!1001 &8986297923920011961
PrefabInstance:
  m_ObjectHideFlags: 0
  serializedVersion: 2
  m_Modification:
    m_TransformParent: {fileID: 184706640481676854}
    m_Modifications:
    - target: {fileID: 8387246312119014298, guid: 480be7a3330ba2d4a9e1c4949dd6abd2,
        type: 3}
      propertyPath: m_RootOrder
      value: 4
      objectReference: {fileID: 0}
    - target: {fileID: 8387246312119014298, guid: 480be7a3330ba2d4a9e1c4949dd6abd2,
        type: 3}
      propertyPath: m_LocalPosition.x
      value: 0.07
      objectReference: {fileID: 0}
    - target: {fileID: 8387246312119014298, guid: 480be7a3330ba2d4a9e1c4949dd6abd2,
        type: 3}
      propertyPath: m_LocalPosition.y
      value: 1.03
      objectReference: {fileID: 0}
    - target: {fileID: 8387246312119014298, guid: 480be7a3330ba2d4a9e1c4949dd6abd2,
        type: 3}
      propertyPath: m_LocalPosition.z
      value: 2.87
      objectReference: {fileID: 0}
    - target: {fileID: 8387246312119014298, guid: 480be7a3330ba2d4a9e1c4949dd6abd2,
        type: 3}
      propertyPath: m_LocalRotation.w
      value: 0
      objectReference: {fileID: 0}
    - target: {fileID: 8387246312119014298, guid: 480be7a3330ba2d4a9e1c4949dd6abd2,
        type: 3}
      propertyPath: m_LocalRotation.x
      value: 0
      objectReference: {fileID: 0}
    - target: {fileID: 8387246312119014298, guid: 480be7a3330ba2d4a9e1c4949dd6abd2,
        type: 3}
      propertyPath: m_LocalRotation.y
      value: 1
      objectReference: {fileID: 0}
    - target: {fileID: 8387246312119014298, guid: 480be7a3330ba2d4a9e1c4949dd6abd2,
        type: 3}
      propertyPath: m_LocalRotation.z
      value: 0
      objectReference: {fileID: 0}
    - target: {fileID: 8387246312119014298, guid: 480be7a3330ba2d4a9e1c4949dd6abd2,
        type: 3}
      propertyPath: m_LocalEulerAnglesHint.x
      value: 0
      objectReference: {fileID: 0}
    - target: {fileID: 8387246312119014298, guid: 480be7a3330ba2d4a9e1c4949dd6abd2,
        type: 3}
      propertyPath: m_LocalEulerAnglesHint.y
      value: 180
      objectReference: {fileID: 0}
    - target: {fileID: 8387246312119014298, guid: 480be7a3330ba2d4a9e1c4949dd6abd2,
        type: 3}
      propertyPath: m_LocalEulerAnglesHint.z
      value: 0
      objectReference: {fileID: 0}
    - target: {fileID: 8387246312119014303, guid: 480be7a3330ba2d4a9e1c4949dd6abd2,
        type: 3}
      propertyPath: m_Name
      value: Particul-velocidad
      objectReference: {fileID: 0}
    m_RemovedComponents: []
  m_SourcePrefab: {fileID: 100100000, guid: 480be7a3330ba2d4a9e1c4949dd6abd2, type: 3}
--- !u!4 &635221182967853347 stripped
Transform:
  m_CorrespondingSourceObject: {fileID: 8387246312119014298, guid: 480be7a3330ba2d4a9e1c4949dd6abd2,
    type: 3}
  m_PrefabInstance: {fileID: 8986297923920011961}
  m_PrefabAsset: {fileID: 0}
