%YAML 1.1
%TAG !u! tag:unity3d.com,2011:
--- !u!1 &287436643667282702
GameObject:
  m_ObjectHideFlags: 0
  m_CorrespondingSourceObject: {fileID: 0}
  m_PrefabInstance: {fileID: 0}
  m_PrefabAsset: {fileID: 0}
  serializedVersion: 6
  m_Component:
  - component: {fileID: 4919825149093077758}
  m_Layer: 8
  m_Name: joint14
  m_TagString: Untagged
  m_Icon: {fileID: 0}
  m_NavMeshLayer: 0
  m_StaticEditorFlags: 0
  m_IsActive: 1
--- !u!4 &4919825149093077758
Transform:
  m_ObjectHideFlags: 0
  m_CorrespondingSourceObject: {fileID: 0}
  m_PrefabInstance: {fileID: 0}
  m_PrefabAsset: {fileID: 0}
  m_GameObject: {fileID: 287436643667282702}
  m_LocalRotation: {x: -0.10071537, y: -0.23841919, z: -0.37587488, w: 0.88979256}
  m_LocalPosition: {x: -0.51149017, y: 2.664535e-16, z: 1.4571676e-16}
  m_LocalScale: {x: 1, y: 1, z: 1}
  m_Children: []
  m_Father: {fileID: 2038946593837062890}
  m_RootOrder: 0
  m_LocalEulerAnglesHint: {x: 0, y: 0, z: 0}
--- !u!1 &500804215470899829
GameObject:
  m_ObjectHideFlags: 0
  m_CorrespondingSourceObject: {fileID: 0}
  m_PrefabInstance: {fileID: 0}
  m_PrefabAsset: {fileID: 0}
  serializedVersion: 6
  m_Component:
  - component: {fileID: 7185883485183016687}
  m_Layer: 8
  m_Name: joint3
  m_TagString: Untagged
  m_Icon: {fileID: 0}
  m_NavMeshLayer: 0
  m_StaticEditorFlags: 0
  m_IsActive: 1
--- !u!4 &7185883485183016687
Transform:
  m_ObjectHideFlags: 0
  m_CorrespondingSourceObject: {fileID: 0}
  m_PrefabInstance: {fileID: 0}
  m_PrefabAsset: {fileID: 0}
  m_GameObject: {fileID: 500804215470899829}
  m_LocalRotation: {x: 0.99996483, y: -0.008386288, z: -1.3590077e-18, w: 6.12231e-17}
  m_LocalPosition: {x: -0.4182116, y: -0.0011597923, z: 0.32110375}
  m_LocalScale: {x: 1, y: 1, z: 1}
  m_Children:
  - {fileID: 4233361198993824532}
  m_Father: {fileID: 8026493937754031398}
  m_RootOrder: 0
  m_LocalEulerAnglesHint: {x: 0, y: 0, z: 0}
--- !u!1 &755102217958432350
GameObject:
  m_ObjectHideFlags: 0
  m_CorrespondingSourceObject: {fileID: 0}
  m_PrefabInstance: {fileID: 0}
  m_PrefabAsset: {fileID: 0}
  serializedVersion: 6
  m_Component:
  - component: {fileID: 7785794377348814316}
  m_Layer: 8
  m_Name: joint5
  m_TagString: Untagged
  m_Icon: {fileID: 0}
  m_NavMeshLayer: 0
  m_StaticEditorFlags: 0
  m_IsActive: 1
--- !u!4 &7785794377348814316
Transform:
  m_ObjectHideFlags: 0
  m_CorrespondingSourceObject: {fileID: 0}
  m_PrefabInstance: {fileID: 0}
  m_PrefabAsset: {fileID: 0}
  m_GameObject: {fileID: 755102217958432350}
  m_LocalRotation: {x: 0.00000000729825, y: -0.000000007573559, z: 0.69389784, w: 0.72007346}
  m_LocalPosition: {x: -0.1819961, y: -0.004194567, z: 0.20147686}
  m_LocalScale: {x: 1, y: 1, z: 1}
  m_Children: []
  m_Father: {fileID: 4233361198993824532}
  m_RootOrder: 0
  m_LocalEulerAnglesHint: {x: 0, y: 0, z: 0}
--- !u!1 &936363659747080574
GameObject:
  m_ObjectHideFlags: 0
  m_CorrespondingSourceObject: {fileID: 0}
  m_PrefabInstance: {fileID: 0}
  m_PrefabAsset: {fileID: 0}
  serializedVersion: 6
  m_Component:
  - component: {fileID: 7152301529201587630}
  m_Layer: 8
  m_Name: joint10
  m_TagString: Untagged
  m_Icon: {fileID: 0}
  m_NavMeshLayer: 0
  m_StaticEditorFlags: 0
  m_IsActive: 1
--- !u!4 &7152301529201587630
Transform:
  m_ObjectHideFlags: 0
  m_CorrespondingSourceObject: {fileID: 0}
  m_PrefabInstance: {fileID: 0}
  m_PrefabAsset: {fileID: 0}
  m_GameObject: {fileID: 936363659747080574}
  m_LocalRotation: {x: -0.08639602, y: 0.040568482, z: -0.42309752, w: 0.90104294}
  m_LocalPosition: {x: -0.44520515, y: -1.3322676e-16, z: 8.27403e-18}
  m_LocalScale: {x: 1, y: 1, z: 1}
  m_Children:
  - {fileID: 4832405464692209437}
  m_Father: {fileID: 9217055434725531648}
  m_RootOrder: 0
  m_LocalEulerAnglesHint: {x: 0, y: 0, z: 0}
--- !u!1 &1004615942660681109
GameObject:
  m_ObjectHideFlags: 0
  m_CorrespondingSourceObject: {fileID: 0}
  m_PrefabInstance: {fileID: 0}
  m_PrefabAsset: {fileID: 0}
  serializedVersion: 6
  m_Component:
  - component: {fileID: 4302097447806459633}
  m_Layer: 8
  m_Name: joint15
  m_TagString: Untagged
  m_Icon: {fileID: 0}
  m_NavMeshLayer: 0
  m_StaticEditorFlags: 0
  m_IsActive: 1
--- !u!4 &4302097447806459633
Transform:
  m_ObjectHideFlags: 0
  m_CorrespondingSourceObject: {fileID: 0}
  m_PrefabInstance: {fileID: 0}
  m_PrefabAsset: {fileID: 0}
  m_GameObject: {fileID: 1004615942660681109}
  m_LocalRotation: {x: -0.40068978, y: 0.9162138, z: -8.0637087e-17, w: -3.156674e-17}
  m_LocalPosition: {x: -0.071682364, y: 0.21475749, z: -0.3525845}
  m_LocalScale: {x: 1, y: 1, z: 1}
  m_Children:
  - {fileID: 1799920077825367616}
  m_Father: {fileID: 8026493937754031398}
  m_RootOrder: 2
  m_LocalEulerAnglesHint: {x: 0, y: 0, z: 0}
--- !u!1 &1141707409910742984
GameObject:
  m_ObjectHideFlags: 0
  m_CorrespondingSourceObject: {fileID: 0}
  m_PrefabInstance: {fileID: 0}
  m_PrefabAsset: {fileID: 0}
  serializedVersion: 6
  m_Component:
  - component: {fileID: 1796351161636505148}
  - component: {fileID: 4092584246955447200}
  - component: {fileID: 6721806299852825786}
  - component: {fileID: 7929384659797806618}
  m_Layer: 8
  m_Name: ovni
  m_TagString: Untagged
  m_Icon: {fileID: 0}
  m_NavMeshLayer: 0
  m_StaticEditorFlags: 65
  m_IsActive: 0
--- !u!4 &1796351161636505148
Transform:
  m_ObjectHideFlags: 0
  m_CorrespondingSourceObject: {fileID: 0}
  m_PrefabInstance: {fileID: 0}
  m_PrefabAsset: {fileID: 0}
  m_GameObject: {fileID: 1141707409910742984}
  m_LocalRotation: {x: 0, y: 0, z: 0, w: 1}
  m_LocalPosition: {x: 0, y: 5.41, z: 0}
  m_LocalScale: {x: 1, y: 1, z: 1}
  m_Children:
  - {fileID: 6900893172707038533}
  m_Father: {fileID: 7490349051618521629}
  m_RootOrder: 3
  m_LocalEulerAnglesHint: {x: 0, y: 0, z: 0}
--- !u!33 &4092584246955447200
MeshFilter:
  m_ObjectHideFlags: 0
  m_CorrespondingSourceObject: {fileID: 0}
  m_PrefabInstance: {fileID: 0}
  m_PrefabAsset: {fileID: 0}
  m_GameObject: {fileID: 1141707409910742984}
  m_Mesh: {fileID: 4300000, guid: dfcb589533d73a04a9bb8bc17083afa9, type: 3}
--- !u!23 &6721806299852825786
MeshRenderer:
  m_ObjectHideFlags: 0
  m_CorrespondingSourceObject: {fileID: 0}
  m_PrefabInstance: {fileID: 0}
  m_PrefabAsset: {fileID: 0}
  m_GameObject: {fileID: 1141707409910742984}
  m_Enabled: 1
  m_CastShadows: 1
  m_ReceiveShadows: 1
  m_DynamicOccludee: 1
  m_MotionVectors: 1
  m_LightProbeUsage: 1
  m_ReflectionProbeUsage: 1
  m_RayTracingMode: 2
  m_RayTraceProcedural: 0
  m_RenderingLayerMask: 1
  m_RendererPriority: 0
  m_Materials:
  - {fileID: 2100000, guid: 6c98b3c54f378ce4ba6b8f9954704eec, type: 2}
  - {fileID: 2100000, guid: 9392b7a7edadfea4599ff54eafabaf5d, type: 2}
  m_StaticBatchInfo:
    firstSubMesh: 0
    subMeshCount: 0
  m_StaticBatchRoot: {fileID: 0}
  m_ProbeAnchor: {fileID: 0}
  m_LightProbeVolumeOverride: {fileID: 0}
  m_ScaleInLightmap: 1
  m_ReceiveGI: 1
  m_PreserveUVs: 0
  m_IgnoreNormalsForChartDetection: 0
  m_ImportantGI: 0
  m_StitchLightmapSeams: 0
  m_SelectedEditorRenderState: 3
  m_MinimumChartSize: 4
  m_AutoUVMaxDistance: 0.5
  m_AutoUVMaxAngle: 89
  m_LightmapParameters: {fileID: 0}
  m_SortingLayerID: 0
  m_SortingLayer: 0
  m_SortingOrder: 0
  m_AdditionalVertexStreams: {fileID: 0}
--- !u!95 &7929384659797806618
Animator:
  serializedVersion: 3
  m_ObjectHideFlags: 0
  m_CorrespondingSourceObject: {fileID: 0}
  m_PrefabInstance: {fileID: 0}
  m_PrefabAsset: {fileID: 0}
  m_GameObject: {fileID: 1141707409910742984}
  m_Enabled: 1
  m_Avatar: {fileID: 0}
  m_Controller: {fileID: 9100000, guid: 5b1346b321802ed48ad1510b09422122, type: 2}
  m_CullingMode: 0
  m_UpdateMode: 0
  m_ApplyRootMotion: 0
  m_LinearVelocityBlending: 0
  m_WarningMessage: 
  m_HasTransformHierarchy: 1
  m_AllowConstantClipSamplingOptimization: 1
  m_KeepAnimatorControllerStateOnDisable: 0
--- !u!1 &1420243116988891700
GameObject:
  m_ObjectHideFlags: 0
  m_CorrespondingSourceObject: {fileID: 0}
  m_PrefabInstance: {fileID: 0}
  m_PrefabAsset: {fileID: 0}
  serializedVersion: 6
  m_Component:
  - component: {fileID: 9217055434725531648}
  m_Layer: 8
  m_Name: joint9
  m_TagString: Untagged
  m_Icon: {fileID: 0}
  m_NavMeshLayer: 0
  m_StaticEditorFlags: 0
  m_IsActive: 1
--- !u!4 &9217055434725531648
Transform:
  m_ObjectHideFlags: 0
  m_CorrespondingSourceObject: {fileID: 0}
  m_PrefabInstance: {fileID: 0}
  m_PrefabAsset: {fileID: 0}
  m_GameObject: {fileID: 1420243116988891700}
  m_LocalRotation: {x: 0.980747, y: 0.19528273, z: 7.992784e-17, w: 4.6519453e-17}
  m_LocalPosition: {x: -0.5744699, y: 1.6653344e-17, z: -6.3778974e-17}
  m_LocalScale: {x: 1, y: 1, z: 1}
  m_Children:
  - {fileID: 7152301529201587630}
  m_Father: {fileID: 2927431762068644962}
  m_RootOrder: 0
  m_LocalEulerAnglesHint: {x: 0, y: 0, z: 0}
--- !u!1 &1703142771684867273
GameObject:
  m_ObjectHideFlags: 0
  m_CorrespondingSourceObject: {fileID: 0}
  m_PrefabInstance: {fileID: 0}
  m_PrefabAsset: {fileID: 0}
  serializedVersion: 6
  m_Component:
  - component: {fileID: 1799920077825367616}
  m_Layer: 8
  m_Name: j_ala_der
  m_TagString: Untagged
  m_Icon: {fileID: 0}
  m_NavMeshLayer: 0
  m_StaticEditorFlags: 0
  m_IsActive: 1
--- !u!4 &1799920077825367616
Transform:
  m_ObjectHideFlags: 0
  m_CorrespondingSourceObject: {fileID: 0}
  m_PrefabInstance: {fileID: 0}
  m_PrefabAsset: {fileID: 0}
  m_GameObject: {fileID: 1703142771684867273}
  m_LocalRotation: {x: 0.3589767, y: 0.9185377, z: -0.0050486065, w: 0.16552593}
  m_LocalPosition: {x: -0.5477776, y: 0, z: -1.7069678e-16}
  m_LocalScale: {x: 1, y: 1, z: 1}
  m_Children: []
  m_Father: {fileID: 4302097447806459633}
  m_RootOrder: 0
  m_LocalEulerAnglesHint: {x: 0, y: 0, z: 0}
--- !u!1 &1778272810090398894
GameObject:
  m_ObjectHideFlags: 0
  m_CorrespondingSourceObject: {fileID: 0}
  m_PrefabInstance: {fileID: 0}
  m_PrefabAsset: {fileID: 0}
  serializedVersion: 6
  m_Component:
  - component: {fileID: 4832405464692209437}
  m_Layer: 8
  m_Name: joint11
  m_TagString: Untagged
  m_Icon: {fileID: 0}
  m_NavMeshLayer: 0
  m_StaticEditorFlags: 0
  m_IsActive: 1
--- !u!4 &4832405464692209437
Transform:
  m_ObjectHideFlags: 0
  m_CorrespondingSourceObject: {fileID: 0}
  m_PrefabInstance: {fileID: 0}
  m_PrefabAsset: {fileID: 0}
  m_GameObject: {fileID: 1778272810090398894}
  m_LocalRotation: {x: -0.06749102, y: -0.7038785, z: -0.06749102, w: 0.7038785}
  m_LocalPosition: {x: -0.39760584, y: -2.2482015e-16, z: -5.5115305e-18}
  m_LocalScale: {x: 1, y: 1, z: 1}
  m_Children: []
  m_Father: {fileID: 7152301529201587630}
  m_RootOrder: 0
  m_LocalEulerAnglesHint: {x: 0, y: 0, z: 0}
--- !u!1 &2035747923134077445
GameObject:
  m_ObjectHideFlags: 0
  m_CorrespondingSourceObject: {fileID: 0}
  m_PrefabInstance: {fileID: 0}
  m_PrefabAsset: {fileID: 0}
  serializedVersion: 6
  m_Component:
  - component: {fileID: 2705047512774508543}
  m_Layer: 8
  m_Name: joint9 1
  m_TagString: Untagged
  m_Icon: {fileID: 0}
  m_NavMeshLayer: 0
  m_StaticEditorFlags: 0
  m_IsActive: 1
--- !u!4 &2705047512774508543
Transform:
  m_ObjectHideFlags: 0
  m_CorrespondingSourceObject: {fileID: 0}
  m_PrefabInstance: {fileID: 0}
  m_PrefabAsset: {fileID: 0}
  m_GameObject: {fileID: 2035747923134077445}
  m_LocalRotation: {x: 1, y: -0.000000036956525, z: 1.737062e-16, w: 6.123235e-17}
  m_LocalPosition: {x: -0.5744699, y: 1.6653344e-17, z: -6.3778974e-17}
  m_LocalScale: {x: 1, y: 1, z: 1}
  m_Children:
  - {fileID: 167362550376984278}
  m_Father: {fileID: 6372340466860136191}
  m_RootOrder: 0
  m_LocalEulerAnglesHint: {x: 0, y: 0, z: 0}
--- !u!1 &2108360749604015278
GameObject:
  m_ObjectHideFlags: 0
  m_CorrespondingSourceObject: {fileID: 0}
  m_PrefabInstance: {fileID: 0}
  m_PrefabAsset: {fileID: 0}
  serializedVersion: 6
  m_Component:
  - component: {fileID: 8026493937754031398}
  m_Layer: 8
  m_Name: joint2
  m_TagString: Untagged
  m_Icon: {fileID: 0}
  m_NavMeshLayer: 0
  m_StaticEditorFlags: 0
  m_IsActive: 1
--- !u!4 &8026493937754031398
Transform:
  m_ObjectHideFlags: 0
  m_CorrespondingSourceObject: {fileID: 0}
  m_PrefabInstance: {fileID: 0}
  m_PrefabAsset: {fileID: 0}
  m_GameObject: {fileID: 2108360749604015278}
  m_LocalRotation: {x: 0.9999513, y: -0.009867834, z: -6.0423057e-19, w: 6.122936e-17}
  m_LocalPosition: {x: -0.40429464, y: 0.0014082278, z: -0.5477652}
  m_LocalScale: {x: 1, y: 1, z: 1}
  m_Children:
  - {fileID: 7185883485183016687}
  - {fileID: 2038946593837062890}
  - {fileID: 4302097447806459633}
  m_Father: {fileID: 5972631252640964649}
  m_RootOrder: 0
  m_LocalEulerAnglesHint: {x: 0, y: 0, z: 0}
--- !u!1 &2312245394412045158
GameObject:
  m_ObjectHideFlags: 0
  m_CorrespondingSourceObject: {fileID: 0}
  m_PrefabInstance: {fileID: 0}
  m_PrefabAsset: {fileID: 0}
  serializedVersion: 6
  m_Component:
  - component: {fileID: 2038946593837062890}
  m_Layer: 8
  m_Name: joint13
  m_TagString: Untagged
  m_Icon: {fileID: 0}
  m_NavMeshLayer: 0
  m_StaticEditorFlags: 0
  m_IsActive: 1
--- !u!4 &2038946593837062890
Transform:
  m_ObjectHideFlags: 0
  m_CorrespondingSourceObject: {fileID: 0}
  m_PrefabInstance: {fileID: 0}
  m_PrefabAsset: {fileID: 0}
  m_GameObject: {fileID: 2312245394412045158}
  m_LocalRotation: {x: 4.5323257e-17, y: -1.1376264e-16, z: 0.92529035, w: 0.3792596}
  m_LocalPosition: {x: -0.069735765, y: -0.25818303, z: -0.3525845}
  m_LocalScale: {x: 1, y: 1, z: 1}
  m_Children:
  - {fileID: 4919825149093077758}
  m_Father: {fileID: 8026493937754031398}
  m_RootOrder: 1
  m_LocalEulerAnglesHint: {x: 0, y: 0, z: 0}
--- !u!1 &2656485947029540337
GameObject:
  m_ObjectHideFlags: 0
  m_CorrespondingSourceObject: {fileID: 0}
  m_PrefabInstance: {fileID: 0}
  m_PrefabAsset: {fileID: 0}
  serializedVersion: 6
  m_Component:
  - component: {fileID: 2971270755418389250}
  m_Layer: 8
  m_Name: joint17
  m_TagString: Untagged
  m_Icon: {fileID: 0}
  m_NavMeshLayer: 0
  m_StaticEditorFlags: 0
  m_IsActive: 1
--- !u!4 &2971270755418389250
Transform:
  m_ObjectHideFlags: 0
  m_CorrespondingSourceObject: {fileID: 0}
  m_PrefabInstance: {fileID: 0}
  m_PrefabAsset: {fileID: 0}
  m_GameObject: {fileID: 2656485947029540337}
  m_LocalRotation: {x: 0.000000014540385, y: -0.00000001524305, z: 0.69389784, w: 0.72007346}
  m_LocalPosition: {x: 0.22778821, y: -0.0121413795, z: 0.17512399}
  m_LocalScale: {x: 1, y: 1, z: 1}
  m_Children: []
  m_Father: {fileID: 4233361198993824532}
  m_RootOrder: 1
  m_LocalEulerAnglesHint: {x: 0, y: 0, z: 0}
--- !u!1 &2712407341588409109
GameObject:
  m_ObjectHideFlags: 0
  m_CorrespondingSourceObject: {fileID: 0}
  m_PrefabInstance: {fileID: 0}
  m_PrefabAsset: {fileID: 0}
  serializedVersion: 6
  m_Component:
  - component: {fileID: 5972631252640964649}
  m_Layer: 8
  m_Name: joint1
  m_TagString: Untagged
  m_Icon: {fileID: 0}
  m_NavMeshLayer: 0
  m_StaticEditorFlags: 0
  m_IsActive: 1
--- !u!4 &5972631252640964649
Transform:
  m_ObjectHideFlags: 0
  m_CorrespondingSourceObject: {fileID: 0}
  m_PrefabInstance: {fileID: 0}
  m_PrefabAsset: {fileID: 0}
  m_GameObject: {fileID: 2712407341588409109}
  m_LocalRotation: {x: -0.6829554, y: 0.72606504, z: -0.060875524, w: 0.05192089}
  m_LocalPosition: {x: -0.0023916073, y: 1.2956175, z: -0.19518071}
  m_LocalScale: {x: 1, y: 1, z: 1}
  m_Children:
  - {fileID: 8026493937754031398}
  - {fileID: 5844601937740832892}
  - {fileID: 6372340466860136191}
  - {fileID: 2927431762068644962}
  m_Father: {fileID: 5756423485059623194}
  m_RootOrder: 1
  m_LocalEulerAnglesHint: {x: 0, y: 0, z: 0}
--- !u!1 &3895911843164722104
GameObject:
  m_ObjectHideFlags: 0
  m_CorrespondingSourceObject: {fileID: 0}
  m_PrefabInstance: {fileID: 0}
  m_PrefabAsset: {fileID: 0}
  serializedVersion: 6
  m_Component:
  - component: {fileID: 2927431762068644962}
  m_Layer: 8
  m_Name: joint12
  m_TagString: Untagged
  m_Icon: {fileID: 0}
  m_NavMeshLayer: 0
  m_StaticEditorFlags: 0
  m_IsActive: 1
--- !u!4 &2927431762068644962
Transform:
  m_ObjectHideFlags: 0
  m_CorrespondingSourceObject: {fileID: 0}
  m_PrefabInstance: {fileID: 0}
  m_PrefabAsset: {fileID: 0}
  m_GameObject: {fileID: 3895911843164722104}
  m_LocalRotation: {x: -0.4848096, y: 0.58437073, z: 0.46502507, w: 0.45521662}
  m_LocalPosition: {x: 0.3944906, y: -0.23911844, z: 0.07571543}
  m_LocalScale: {x: 1, y: 1, z: 1}
  m_Children:
  - {fileID: 9217055434725531648}
  m_Father: {fileID: 5972631252640964649}
  m_RootOrder: 3
  m_LocalEulerAnglesHint: {x: 0, y: 0, z: 0}
--- !u!1 &4713274339258248471
GameObject:
  m_ObjectHideFlags: 0
  m_CorrespondingSourceObject: {fileID: 0}
  m_PrefabInstance: {fileID: 0}
  m_PrefabAsset: {fileID: 0}
  serializedVersion: 6
  m_Component:
  - component: {fileID: 6900893172707038533}
  - component: {fileID: 8182504078518252438}
  m_Layer: 8
  m_Name: Spotlight
  m_TagString: Untagged
  m_Icon: {fileID: 0}
  m_NavMeshLayer: 0
  m_StaticEditorFlags: 65
  m_IsActive: 1
--- !u!4 &6900893172707038533
Transform:
  m_ObjectHideFlags: 0
  m_CorrespondingSourceObject: {fileID: 0}
  m_PrefabInstance: {fileID: 0}
  m_PrefabAsset: {fileID: 0}
  m_GameObject: {fileID: 4713274339258248471}
  m_LocalRotation: {x: 0.7071068, y: -0, z: -0, w: 0.7071068}
  m_LocalPosition: {x: -0.059999943, y: -0.65, z: 0.010000229}
  m_LocalScale: {x: 1, y: 1, z: 1}
  m_Children: []
  m_Father: {fileID: 1796351161636505148}
  m_RootOrder: 0
  m_LocalEulerAnglesHint: {x: 90, y: 0, z: 0}
--- !u!108 &8182504078518252438
Light:
  m_ObjectHideFlags: 0
  m_CorrespondingSourceObject: {fileID: 0}
  m_PrefabInstance: {fileID: 0}
  m_PrefabAsset: {fileID: 0}
  m_GameObject: {fileID: 4713274339258248471}
  m_Enabled: 1
  serializedVersion: 10
  m_Type: 0
  m_Shape: 0
  m_Color: {r: 0, g: 0.666, b: 1, a: 1}
  m_Intensity: 89.83
  m_Range: 6.6987705
  m_SpotAngle: 69.06656
  m_InnerSpotAngle: 52.633823
  m_CookieSize: 10
  m_Shadows:
    m_Type: 0
    m_Resolution: -1
    m_CustomResolution: -1
    m_Strength: 1
    m_Bias: 0.05
    m_NormalBias: 0.4
    m_NearPlane: 0.2
    m_CullingMatrixOverride:
      e00: 1
      e01: 0
      e02: 0
      e03: 0
      e10: 0
      e11: 1
      e12: 0
      e13: 0
      e20: 0
      e21: 0
      e22: 1
      e23: 0
      e30: 0
      e31: 0
      e32: 0
      e33: 1
    m_UseCullingMatrixOverride: 0
  m_Cookie: {fileID: 0}
  m_DrawHalo: 1
  m_Flare: {fileID: 0}
  m_RenderMode: 0
  m_CullingMask:
    serializedVersion: 2
    m_Bits: 4294967295
  m_RenderingLayerMask: 1
  m_Lightmapping: 4
  m_LightShadowCasterMode: 0
  m_AreaSize: {x: 1, y: 1}
  m_BounceIntensity: 1
  m_ColorTemperature: 6570
  m_UseColorTemperature: 0
  m_BoundingSphereOverride: {x: 0, y: 0, z: 0, w: 0}
  m_UseBoundingSphereOverride: 0
  m_UseViewFrustumForShadowCasterCull: 1
  m_ShadowRadius: 0
  m_ShadowAngle: 0
--- !u!1 &4901068323641943032
GameObject:
  m_ObjectHideFlags: 0
  m_CorrespondingSourceObject: {fileID: 0}
  m_PrefabInstance: {fileID: 0}
  m_PrefabAsset: {fileID: 0}
  serializedVersion: 6
  m_Component:
  - component: {fileID: 7490349051618521629}
  - component: {fileID: 6406361383351322944}
  - component: {fileID: 7207606264158096710}
  - component: {fileID: 907708269302532820}
  - component: {fileID: 3680385531471464755}
  - component: {fileID: 3392122589439750414}
  - component: {fileID: 5771731581658942682}
  - component: {fileID: 5841011221491983506}
  m_Layer: 8
  m_Name: HiromiMenu
  m_TagString: Dinosaur
  m_Icon: {fileID: 0}
  m_NavMeshLayer: 0
  m_StaticEditorFlags: 0
  m_IsActive: 1
--- !u!4 &7490349051618521629
Transform:
  m_ObjectHideFlags: 0
  m_CorrespondingSourceObject: {fileID: 0}
  m_PrefabInstance: {fileID: 0}
  m_PrefabAsset: {fileID: 0}
  m_GameObject: {fileID: 4901068323641943032}
  m_LocalRotation: {x: 0, y: 0, z: 0, w: 1}
  m_LocalPosition: {x: -12.47, y: 1.12, z: 0}
  m_LocalScale: {x: 1, y: 1, z: 1}
  m_Children:
  - {fileID: 5585009927464797976}
  - {fileID: 5795387192012887232}
  - {fileID: 5756423485059623194}
  - {fileID: 1796351161636505148}
  - {fileID: 6412963634699671381}
  - {fileID: 6283442213275445007}
  - {fileID: 7986951317376029459}
  m_Father: {fileID: 0}
  m_RootOrder: 0
  m_LocalEulerAnglesHint: {x: 0, y: 0, z: 0}
--- !u!114 &6406361383351322944
MonoBehaviour:
  m_ObjectHideFlags: 0
  m_CorrespondingSourceObject: {fileID: 0}
  m_PrefabInstance: {fileID: 0}
  m_PrefabAsset: {fileID: 0}
  m_GameObject: {fileID: 4901068323641943032}
  m_Enabled: 1
  m_EditorHideFlags: 0
  m_Script: {fileID: 11500000, guid: 1e47335309a2c7a41920dae62be1d0ce, type: 3}
  m_Name: 
  m_EditorClassIdentifier: 
  number: 5
--- !u!54 &7207606264158096710
Rigidbody:
  m_ObjectHideFlags: 0
  m_CorrespondingSourceObject: {fileID: 0}
  m_PrefabInstance: {fileID: 0}
  m_PrefabAsset: {fileID: 0}
  m_GameObject: {fileID: 4901068323641943032}
  serializedVersion: 2
  m_Mass: 1
  m_Drag: 0
  m_AngularDrag: 0.05
  m_UseGravity: 0
  m_IsKinematic: 0
  m_Interpolate: 0
  m_Constraints: 112
  m_CollisionDetection: 0
--- !u!136 &907708269302532820
CapsuleCollider:
  m_ObjectHideFlags: 0
  m_CorrespondingSourceObject: {fileID: 0}
  m_PrefabInstance: {fileID: 0}
  m_PrefabAsset: {fileID: 0}
  m_GameObject: {fileID: 4901068323641943032}
  m_Material: {fileID: 0}
  m_IsTrigger: 0
  m_Enabled: 0
  m_Radius: 0.8368523
  m_Height: 2.5
  m_Direction: 1
  m_Center: {x: -0.050000012, y: 1.21, z: -0.024873972}
--- !u!114 &3680385531471464755
MonoBehaviour:
  m_ObjectHideFlags: 0
  m_CorrespondingSourceObject: {fileID: 0}
  m_PrefabInstance: {fileID: 0}
  m_PrefabAsset: {fileID: 0}
  m_GameObject: {fileID: 4901068323641943032}
  m_Enabled: 0
  m_EditorHideFlags: 0
  m_Script: {fileID: 11500000, guid: 2cb2bfd31cd761347a4cd2dd2fbb57cd, type: 3}
  m_Name: 
  m_EditorClassIdentifier: 
  m_GroundCheckDistance: 0.4
  m_GravityMultiplier: 1.5
  localNumber: 0
--- !u!195 &3392122589439750414
NavMeshAgent:
  m_ObjectHideFlags: 0
  m_CorrespondingSourceObject: {fileID: 0}
  m_PrefabInstance: {fileID: 0}
  m_PrefabAsset: {fileID: 0}
  m_GameObject: {fileID: 4901068323641943032}
  m_Enabled: 0
  m_AgentTypeID: 0
  m_Radius: 0.5
  m_Speed: 3.5
  m_Acceleration: 100
  avoidancePriority: 50
  m_AngularSpeed: 2000
  m_StoppingDistance: 0
  m_AutoTraverseOffMeshLink: 1
  m_AutoBraking: 1
  m_AutoRepath: 1
  m_Height: 2
  m_BaseOffset: 0
  m_WalkableMask: 4294967295
  m_ObstacleAvoidanceType: 4
--- !u!114 &5771731581658942682
MonoBehaviour:
  m_ObjectHideFlags: 0
  m_CorrespondingSourceObject: {fileID: 0}
  m_PrefabInstance: {fileID: 0}
  m_PrefabAsset: {fileID: 0}
  m_GameObject: {fileID: 4901068323641943032}
  m_Enabled: 0
  m_EditorHideFlags: 0
  m_Script: {fileID: 11500000, guid: 873e42e8777374a458dfdcf56dfb8dec, type: 3}
  m_Name: 
  m_EditorClassIdentifier: 
  m_GroundCheckDistance: 1
--- !u!114 &5841011221491983506
MonoBehaviour:
  m_ObjectHideFlags: 0
  m_CorrespondingSourceObject: {fileID: 0}
  m_PrefabInstance: {fileID: 0}
  m_PrefabAsset: {fileID: 0}
  m_GameObject: {fileID: 4901068323641943032}
  m_Enabled: 1
  m_EditorHideFlags: 0
  m_Script: {fileID: 11500000, guid: 30730f5b1648246419d62c222708fa80, type: 3}
  m_Name: 
  m_EditorClassIdentifier: 
  _audioClip: {fileID: 0}
  _output: {fileID: 243365566401537284, guid: 319d9ea78aec03c4b923bc496d590c85, type: 2}
  _mute: 0
  _bypassEffects: 0
  _bypassListenerEffects: 0
  _bypassReverbZone: 0
  _playOnAwake: 0
  _loop: 0
  _priority: 128
  _volume: 1
  _pitch: 1
  _reverbZoneMix: 1
  _dopplerLevel: 0.1
  _spread: 360
  _volumeRolloff: 0
  _minDistance: 1
  _maxDistance: 90
  OnlyPlayForClosestCamera: 0
--- !u!1 &5465187137153801444
GameObject:
  m_ObjectHideFlags: 0
  m_CorrespondingSourceObject: {fileID: 0}
  m_PrefabInstance: {fileID: 0}
  m_PrefabAsset: {fileID: 0}
  serializedVersion: 6
  m_Component:
  - component: {fileID: 4233361198993824532}
  m_Layer: 8
  m_Name: joint4
  m_TagString: Untagged
  m_Icon: {fileID: 0}
  m_NavMeshLayer: 0
  m_StaticEditorFlags: 0
  m_IsActive: 1
--- !u!4 &4233361198993824532
Transform:
  m_ObjectHideFlags: 0
  m_CorrespondingSourceObject: {fileID: 0}
  m_PrefabInstance: {fileID: 0}
  m_PrefabAsset: {fileID: 0}
  m_GameObject: {fileID: 5465187137153801444}
  m_LocalRotation: {x: 0.98453337, y: -0.023246216, z: -0.0023290906, w: -0.17363255}
  m_LocalPosition: {x: -0.5348438, y: -0.0006418063, z: -0.34628835}
  m_LocalScale: {x: 1, y: 1, z: 1}
  m_Children:
  - {fileID: 7785794377348814316}
  - {fileID: 2971270755418389250}
  - {fileID: 640855842238424949}
  m_Father: {fileID: 7185883485183016687}
  m_RootOrder: 0
  m_LocalEulerAnglesHint: {x: 0, y: 0, z: 0}
--- !u!1 &5849934055425672787
GameObject:
  m_ObjectHideFlags: 0
  m_CorrespondingSourceObject: {fileID: 0}
  m_PrefabInstance: {fileID: 0}
  m_PrefabAsset: {fileID: 0}
  serializedVersion: 6
  m_Component:
  - component: {fileID: 5756423485059623194}
  - component: {fileID: 4952119673032454910}
  m_Layer: 8
  m_Name: gallinas
  m_TagString: Untagged
  m_Icon: {fileID: 0}
  m_NavMeshLayer: 0
  m_StaticEditorFlags: 0
  m_IsActive: 0
--- !u!4 &5756423485059623194
Transform:
  m_ObjectHideFlags: 0
  m_CorrespondingSourceObject: {fileID: 0}
  m_PrefabInstance: {fileID: 0}
  m_PrefabAsset: {fileID: 0}
  m_GameObject: {fileID: 5849934055425672787}
  m_LocalRotation: {x: 0, y: 0, z: 0, w: 1}
  m_LocalPosition: {x: 0.012845, y: 0.25971, z: -0.065432}
  m_LocalScale: {x: 0.7445982, y: 0.7445982, z: 0.7445982}
  m_Children:
  - {fileID: 2177781235943630779}
  - {fileID: 5972631252640964649}
  m_Father: {fileID: 7490349051618521629}
  m_RootOrder: 2
  m_LocalEulerAnglesHint: {x: 0, y: 0, z: 0}
--- !u!95 &4952119673032454910
Animator:
  serializedVersion: 3
  m_ObjectHideFlags: 0
  m_CorrespondingSourceObject: {fileID: 0}
  m_PrefabInstance: {fileID: 0}
  m_PrefabAsset: {fileID: 0}
  m_GameObject: {fileID: 5849934055425672787}
  m_Enabled: 1
  m_Avatar: {fileID: 9000000, guid: 7e7621e3cf5c32a4d9b1cfd101dc6985, type: 3}
  m_Controller: {fileID: 9100000, guid: 110fd5b7f424f5a4eb91b519f8de5f97, type: 2}
  m_CullingMode: 1
  m_UpdateMode: 0
  m_ApplyRootMotion: 0
  m_LinearVelocityBlending: 0
  m_WarningMessage: 
  m_HasTransformHierarchy: 1
  m_AllowConstantClipSamplingOptimization: 1
  m_KeepAnimatorControllerStateOnDisable: 0
--- !u!1 &6585736532065508318
GameObject:
  m_ObjectHideFlags: 0
  m_CorrespondingSourceObject: {fileID: 0}
  m_PrefabInstance: {fileID: 0}
  m_PrefabAsset: {fileID: 0}
  serializedVersion: 6
  m_Component:
  - component: {fileID: 167362550376984278}
  m_Layer: 8
  m_Name: joint10 1
  m_TagString: Untagged
  m_Icon: {fileID: 0}
  m_NavMeshLayer: 0
  m_StaticEditorFlags: 0
  m_IsActive: 1
--- !u!4 &167362550376984278
Transform:
  m_ObjectHideFlags: 0
  m_CorrespondingSourceObject: {fileID: 0}
  m_PrefabInstance: {fileID: 0}
  m_PrefabAsset: {fileID: 0}
  m_GameObject: {fileID: 6585736532065508318}
  m_LocalRotation: {x: -0.08639602, y: 0.040568482, z: -0.42309752, w: 0.90104294}
  m_LocalPosition: {x: -0.44520515, y: -1.3322676e-16, z: 8.27403e-18}
  m_LocalScale: {x: 1, y: 1, z: 1}
  m_Children:
  - {fileID: 1904092262999854376}
  m_Father: {fileID: 2705047512774508543}
  m_RootOrder: 0
  m_LocalEulerAnglesHint: {x: 0, y: 0, z: 0}
--- !u!1 &6924988704278761386
GameObject:
  m_ObjectHideFlags: 0
  m_CorrespondingSourceObject: {fileID: 0}
  m_PrefabInstance: {fileID: 0}
  m_PrefabAsset: {fileID: 0}
  serializedVersion: 6
  m_Component:
  - component: {fileID: 4139557423366269729}
  m_Layer: 8
  m_Name: joint19
  m_TagString: Untagged
  m_Icon: {fileID: 0}
  m_NavMeshLayer: 0
  m_StaticEditorFlags: 0
  m_IsActive: 1
--- !u!4 &4139557423366269729
Transform:
  m_ObjectHideFlags: 0
  m_CorrespondingSourceObject: {fileID: 0}
  m_PrefabInstance: {fileID: 0}
  m_PrefabAsset: {fileID: 0}
  m_GameObject: {fileID: 6924988704278761386}
  m_LocalRotation: {x: -0.23940429, y: -0.6653462, z: -0.23940429, w: 0.6653462}
  m_LocalPosition: {x: -0.14242224, y: -8.326672e-18, z: 4.7436135e-17}
  m_LocalScale: {x: 1, y: 1, z: 1}
  m_Children: []
  m_Father: {fileID: 640855842238424949}
  m_RootOrder: 0
  m_LocalEulerAnglesHint: {x: 0, y: 0, z: 0}
--- !u!1 &7157273964155105986
GameObject:
  m_ObjectHideFlags: 0
  m_CorrespondingSourceObject: {fileID: 0}
  m_PrefabInstance: {fileID: 0}
  m_PrefabAsset: {fileID: 0}
  serializedVersion: 6
  m_Component:
  - component: {fileID: 1588964354223411818}
  m_Layer: 8
  m_Name: joint7
  m_TagString: Untagged
  m_Icon: {fileID: 0}
  m_NavMeshLayer: 0
  m_StaticEditorFlags: 0
  m_IsActive: 1
--- !u!4 &1588964354223411818
Transform:
  m_ObjectHideFlags: 0
  m_CorrespondingSourceObject: {fileID: 0}
  m_PrefabInstance: {fileID: 0}
  m_PrefabAsset: {fileID: 0}
  m_GameObject: {fileID: 7157273964155105986}
  m_LocalRotation: {x: -0.34026626, y: 0.6198539, z: 0.34026626, w: 0.6198539}
  m_LocalPosition: {x: -1.0832458, y: 0.11689717, z: -0.9907941}
  m_LocalScale: {x: 1, y: 1, z: 1}
  m_Children: []
  m_Father: {fileID: 5844601937740832892}
  m_RootOrder: 0
  m_LocalEulerAnglesHint: {x: 0, y: 0, z: 0}
--- !u!1 &7401542678187183684
GameObject:
  m_ObjectHideFlags: 0
  m_CorrespondingSourceObject: {fileID: 0}
  m_PrefabInstance: {fileID: 0}
  m_PrefabAsset: {fileID: 0}
  serializedVersion: 6
  m_Component:
  - component: {fileID: 1904092262999854376}
  m_Layer: 8
  m_Name: joint11 1
  m_TagString: Untagged
  m_Icon: {fileID: 0}
  m_NavMeshLayer: 0
  m_StaticEditorFlags: 0
  m_IsActive: 1
--- !u!4 &1904092262999854376
Transform:
  m_ObjectHideFlags: 0
  m_CorrespondingSourceObject: {fileID: 0}
  m_PrefabInstance: {fileID: 0}
  m_PrefabAsset: {fileID: 0}
  m_GameObject: {fileID: 7401542678187183684}
  m_LocalRotation: {x: -0.06749102, y: -0.7038785, z: -0.06749102, w: 0.7038785}
  m_LocalPosition: {x: -0.39760584, y: -2.2482015e-16, z: -5.5115305e-18}
  m_LocalScale: {x: 1, y: 1, z: 1}
  m_Children: []
  m_Father: {fileID: 167362550376984278}
  m_RootOrder: 0
  m_LocalEulerAnglesHint: {x: 0, y: 0, z: 0}
--- !u!1 &8055235187021704926
GameObject:
  m_ObjectHideFlags: 0
  m_CorrespondingSourceObject: {fileID: 0}
  m_PrefabInstance: {fileID: 0}
  m_PrefabAsset: {fileID: 0}
  serializedVersion: 6
  m_Component:
  - component: {fileID: 6372340466860136191}
  m_Layer: 8
  m_Name: joint8
  m_TagString: Untagged
  m_Icon: {fileID: 0}
  m_NavMeshLayer: 0
  m_StaticEditorFlags: 0
  m_IsActive: 1
--- !u!4 &6372340466860136191
Transform:
  m_ObjectHideFlags: 0
  m_CorrespondingSourceObject: {fileID: 0}
  m_PrefabInstance: {fileID: 0}
  m_PrefabAsset: {fileID: 0}
  m_GameObject: {fileID: 8055235187021704926}
  m_LocalRotation: {x: 0.2513516, y: 0.71775985, z: 0.6261515, w: -0.17198098}
  m_LocalPosition: {x: 0.40069962, y: 0.23276521, z: 0.07571552}
  m_LocalScale: {x: 1, y: 1, z: 1}
  m_Children:
  - {fileID: 2705047512774508543}
  m_Father: {fileID: 5972631252640964649}
  m_RootOrder: 2
  m_LocalEulerAnglesHint: {x: 0, y: 0, z: 0}
--- !u!1 &8332228395254685821
GameObject:
  m_ObjectHideFlags: 0
  m_CorrespondingSourceObject: {fileID: 0}
  m_PrefabInstance: {fileID: 0}
  m_PrefabAsset: {fileID: 0}
  serializedVersion: 6
  m_Component:
  - component: {fileID: 2177781235943630779}
  - component: {fileID: 4804454298415494628}
  m_Layer: 8
  m_Name: a_c_hen_1_0_0
  m_TagString: Untagged
  m_Icon: {fileID: 0}
  m_NavMeshLayer: 0
  m_StaticEditorFlags: 0
  m_IsActive: 1
--- !u!4 &2177781235943630779
Transform:
  m_ObjectHideFlags: 0
  m_CorrespondingSourceObject: {fileID: 0}
  m_PrefabInstance: {fileID: 0}
  m_PrefabAsset: {fileID: 0}
  m_GameObject: {fileID: 8332228395254685821}
  m_LocalRotation: {x: 0, y: -0, z: -0, w: 1}
  m_LocalPosition: {x: -0, y: 0, z: 0}
  m_LocalScale: {x: 1, y: 1, z: 1}
  m_Children: []
  m_Father: {fileID: 5756423485059623194}
  m_RootOrder: 0
  m_LocalEulerAnglesHint: {x: 0, y: 0, z: 0}
--- !u!137 &4804454298415494628
SkinnedMeshRenderer:
  m_ObjectHideFlags: 0
  m_CorrespondingSourceObject: {fileID: 0}
  m_PrefabInstance: {fileID: 0}
  m_PrefabAsset: {fileID: 0}
  m_GameObject: {fileID: 8332228395254685821}
  m_Enabled: 1
  m_CastShadows: 1
  m_ReceiveShadows: 1
  m_DynamicOccludee: 1
  m_MotionVectors: 1
  m_LightProbeUsage: 1
  m_ReflectionProbeUsage: 1
  m_RayTracingMode: 3
  m_RayTraceProcedural: 0
  m_RenderingLayerMask: 1
  m_RendererPriority: 0
  m_Materials:
  - {fileID: 2100000, guid: 529ac1d47bad59c49b75fb115c67fdc5, type: 2}
  m_StaticBatchInfo:
    firstSubMesh: 0
    subMeshCount: 0
  m_StaticBatchRoot: {fileID: 0}
  m_ProbeAnchor: {fileID: 0}
  m_LightProbeVolumeOverride: {fileID: 0}
  m_ScaleInLightmap: 1
  m_ReceiveGI: 1
  m_PreserveUVs: 0
  m_IgnoreNormalsForChartDetection: 0
  m_ImportantGI: 0
  m_StitchLightmapSeams: 0
  m_SelectedEditorRenderState: 3
  m_MinimumChartSize: 4
  m_AutoUVMaxDistance: 0.5
  m_AutoUVMaxAngle: 89
  m_LightmapParameters: {fileID: 0}
  m_SortingLayerID: 0
  m_SortingLayer: 0
  m_SortingOrder: 0
  serializedVersion: 2
  m_Quality: 0
  m_UpdateWhenOffscreen: 0
  m_SkinnedMotionVectors: 1
  m_Mesh: {fileID: 4300000, guid: 7e7621e3cf5c32a4d9b1cfd101dc6985, type: 3}
  m_Bones:
  - {fileID: 5972631252640964649}
  - {fileID: 8026493937754031398}
  - {fileID: 7185883485183016687}
  - {fileID: 4233361198993824532}
  - {fileID: 7785794377348814316}
  - {fileID: 640855842238424949}
  - {fileID: 4139557423366269729}
  - {fileID: 2971270755418389250}
  - {fileID: 2038946593837062890}
  - {fileID: 4919825149093077758}
  - {fileID: 4302097447806459633}
  - {fileID: 1799920077825367616}
  - {fileID: 5844601937740832892}
  - {fileID: 1588964354223411818}
  - {fileID: 2927431762068644962}
  - {fileID: 9217055434725531648}
  - {fileID: 7152301529201587630}
  - {fileID: 4832405464692209437}
  - {fileID: 6372340466860136191}
  - {fileID: 2705047512774508543}
  - {fileID: 167362550376984278}
  - {fileID: 1904092262999854376}
  m_BlendShapeWeights: []
  m_RootBone: {fileID: 5972631252640964649}
  m_AABB:
    m_Center: {x: 0.27449268, y: -0.05884558, z: 0.073453486}
    m_Extent: {x: 1.9964838, y: 1.1428108, z: 1.8578463}
  m_DirtyAABB: 0
--- !u!1 &8712661505890004388
GameObject:
  m_ObjectHideFlags: 0
  m_CorrespondingSourceObject: {fileID: 0}
  m_PrefabInstance: {fileID: 0}
  m_PrefabAsset: {fileID: 0}
  serializedVersion: 6
  m_Component:
  - component: {fileID: 5844601937740832892}
  m_Layer: 8
  m_Name: joint6
  m_TagString: Untagged
  m_Icon: {fileID: 0}
  m_NavMeshLayer: 0
  m_StaticEditorFlags: 0
  m_IsActive: 1
--- !u!4 &5844601937740832892
Transform:
  m_ObjectHideFlags: 0
  m_CorrespondingSourceObject: {fileID: 0}
  m_PrefabInstance: {fileID: 0}
  m_PrefabAsset: {fileID: 0}
  m_GameObject: {fileID: 8712661505890004388}
  m_LocalRotation: {x: -0.6775922, y: 0.20216025, z: 0.19322784, w: 0.68019336}
  m_LocalPosition: {x: -0.36423182, y: 0.00240071, z: 0.5668154}
  m_LocalScale: {x: 1, y: 1, z: 1}
  m_Children:
  - {fileID: 1588964354223411818}
  m_Father: {fileID: 5972631252640964649}
  m_RootOrder: 1
  m_LocalEulerAnglesHint: {x: 0, y: 0, z: 0}
--- !u!1 &8816962953449765078
GameObject:
  m_ObjectHideFlags: 0
  m_CorrespondingSourceObject: {fileID: 0}
  m_PrefabInstance: {fileID: 0}
  m_PrefabAsset: {fileID: 0}
  serializedVersion: 6
  m_Component:
  - component: {fileID: 640855842238424949}
  m_Layer: 8
  m_Name: joint18
  m_TagString: Untagged
  m_Icon: {fileID: 0}
  m_NavMeshLayer: 0
  m_StaticEditorFlags: 0
  m_IsActive: 1
--- !u!4 &640855842238424949
Transform:
  m_ObjectHideFlags: 0
  m_CorrespondingSourceObject: {fileID: 0}
  m_PrefabInstance: {fileID: 0}
  m_PrefabAsset: {fileID: 0}
  m_GameObject: {fileID: 8816962953449765078}
  m_LocalRotation: {x: -0.2892936, y: 0.6452203, z: 0.634071, w: 0.31297603}
  m_LocalPosition: {x: 0.02156041, y: -0.0045033176, z: 0.2922129}
  m_LocalScale: {x: 1, y: 1, z: 1}
  m_Children:
  - {fileID: 4139557423366269729}
  m_Father: {fileID: 4233361198993824532}
  m_RootOrder: 2
  m_LocalEulerAnglesHint: {x: 0, y: 0, z: 0}
--- !u!1001 &3213899321305629903
PrefabInstance:
  m_ObjectHideFlags: 0
  serializedVersion: 2
  m_Modification:
    m_TransformParent: {fileID: 7490349051618521629}
    m_Modifications:
    - target: {fileID: 8387246312119014298, guid: 480be7a3330ba2d4a9e1c4949dd6abd2,
        type: 3}
      propertyPath: m_RootOrder
      value: 4
      objectReference: {fileID: 0}
    - target: {fileID: 8387246312119014298, guid: 480be7a3330ba2d4a9e1c4949dd6abd2,
        type: 3}
      propertyPath: m_LocalPosition.x
      value: 0.26
      objectReference: {fileID: 0}
    - target: {fileID: 8387246312119014298, guid: 480be7a3330ba2d4a9e1c4949dd6abd2,
        type: 3}
      propertyPath: m_LocalPosition.y
      value: 0.53
      objectReference: {fileID: 0}
    - target: {fileID: 8387246312119014298, guid: 480be7a3330ba2d4a9e1c4949dd6abd2,
        type: 3}
      propertyPath: m_LocalPosition.z
      value: 1.59
      objectReference: {fileID: 0}
    - target: {fileID: 8387246312119014298, guid: 480be7a3330ba2d4a9e1c4949dd6abd2,
        type: 3}
      propertyPath: m_LocalRotation.w
      value: 0
      objectReference: {fileID: 0}
    - target: {fileID: 8387246312119014298, guid: 480be7a3330ba2d4a9e1c4949dd6abd2,
        type: 3}
      propertyPath: m_LocalRotation.x
      value: 0
      objectReference: {fileID: 0}
    - target: {fileID: 8387246312119014298, guid: 480be7a3330ba2d4a9e1c4949dd6abd2,
        type: 3}
      propertyPath: m_LocalRotation.y
      value: 1
      objectReference: {fileID: 0}
    - target: {fileID: 8387246312119014298, guid: 480be7a3330ba2d4a9e1c4949dd6abd2,
        type: 3}
      propertyPath: m_LocalRotation.z
      value: 0
      objectReference: {fileID: 0}
    - target: {fileID: 8387246312119014298, guid: 480be7a3330ba2d4a9e1c4949dd6abd2,
        type: 3}
      propertyPath: m_LocalEulerAnglesHint.x
      value: 0
      objectReference: {fileID: 0}
    - target: {fileID: 8387246312119014298, guid: 480be7a3330ba2d4a9e1c4949dd6abd2,
        type: 3}
      propertyPath: m_LocalEulerAnglesHint.y
      value: 180
      objectReference: {fileID: 0}
    - target: {fileID: 8387246312119014298, guid: 480be7a3330ba2d4a9e1c4949dd6abd2,
        type: 3}
      propertyPath: m_LocalEulerAnglesHint.z
      value: 0
      objectReference: {fileID: 0}
    - target: {fileID: 8387246312119014303, guid: 480be7a3330ba2d4a9e1c4949dd6abd2,
        type: 3}
      propertyPath: m_Name
      value: Particul-velocidad
      objectReference: {fileID: 0}
    m_RemovedComponents: []
  m_SourcePrefab: {fileID: 100100000, guid: 480be7a3330ba2d4a9e1c4949dd6abd2, type: 3}
--- !u!4 &6412963634699671381 stripped
Transform:
  m_CorrespondingSourceObject: {fileID: 8387246312119014298, guid: 480be7a3330ba2d4a9e1c4949dd6abd2,
    type: 3}
  m_PrefabInstance: {fileID: 3213899321305629903}
  m_PrefabAsset: {fileID: 0}
--- !u!1001 &4535779593496032713
PrefabInstance:
  m_ObjectHideFlags: 0
  serializedVersion: 2
  m_Modification:
    m_TransformParent: {fileID: 7490349051618521629}
    m_Modifications:
    - target: {fileID: 7620397216639865542, guid: 0e6639821e685ee4192a629a7f3a98cd,
        type: 3}
      propertyPath: m_RootOrder
      value: 5
      objectReference: {fileID: 0}
    - target: {fileID: 7620397216639865542, guid: 0e6639821e685ee4192a629a7f3a98cd,
        type: 3}
      propertyPath: m_LocalPosition.x
      value: 0
      objectReference: {fileID: 0}
    - target: {fileID: 7620397216639865542, guid: 0e6639821e685ee4192a629a7f3a98cd,
        type: 3}
      propertyPath: m_LocalPosition.y
      value: 1.17
      objectReference: {fileID: 0}
    - target: {fileID: 7620397216639865542, guid: 0e6639821e685ee4192a629a7f3a98cd,
        type: 3}
      propertyPath: m_LocalPosition.z
      value: 0
      objectReference: {fileID: 0}
    - target: {fileID: 7620397216639865542, guid: 0e6639821e685ee4192a629a7f3a98cd,
        type: 3}
      propertyPath: m_LocalRotation.w
      value: 0.7071068
      objectReference: {fileID: 0}
    - target: {fileID: 7620397216639865542, guid: 0e6639821e685ee4192a629a7f3a98cd,
        type: 3}
      propertyPath: m_LocalRotation.x
      value: -0.7071068
      objectReference: {fileID: 0}
    - target: {fileID: 7620397216639865542, guid: 0e6639821e685ee4192a629a7f3a98cd,
        type: 3}
      propertyPath: m_LocalRotation.y
      value: 0
      objectReference: {fileID: 0}
    - target: {fileID: 7620397216639865542, guid: 0e6639821e685ee4192a629a7f3a98cd,
        type: 3}
      propertyPath: m_LocalRotation.z
      value: 0
      objectReference: {fileID: 0}
    - target: {fileID: 7620397216639865542, guid: 0e6639821e685ee4192a629a7f3a98cd,
        type: 3}
      propertyPath: m_LocalEulerAnglesHint.x
      value: -90
      objectReference: {fileID: 0}
    - target: {fileID: 7620397216639865542, guid: 0e6639821e685ee4192a629a7f3a98cd,
        type: 3}
      propertyPath: m_LocalEulerAnglesHint.y
      value: 0
      objectReference: {fileID: 0}
    - target: {fileID: 7620397216639865542, guid: 0e6639821e685ee4192a629a7f3a98cd,
        type: 3}
      propertyPath: m_LocalEulerAnglesHint.z
      value: 0
      objectReference: {fileID: 0}
    - target: {fileID: 7620397216639865562, guid: 0e6639821e685ee4192a629a7f3a98cd,
        type: 3}
      propertyPath: m_Name
      value: Particle-choque
      objectReference: {fileID: 0}
    m_RemovedComponents: []
  m_SourcePrefab: {fileID: 100100000, guid: 0e6639821e685ee4192a629a7f3a98cd, type: 3}
--- !u!4 &6283442213275445007 stripped
Transform:
  m_CorrespondingSourceObject: {fileID: 7620397216639865542, guid: 0e6639821e685ee4192a629a7f3a98cd,
    type: 3}
  m_PrefabInstance: {fileID: 4535779593496032713}
  m_PrefabAsset: {fileID: 0}
--- !u!1001 &5585009927465197046
PrefabInstance:
  m_ObjectHideFlags: 0
  serializedVersion: 2
  m_Modification:
    m_TransformParent: {fileID: 7490349051618521629}
    m_Modifications:
    - target: {fileID: 100000, guid: b96ddd9f13eb66648ad95369c0cdf18f, type: 3}
      propertyPath: m_Layer
      value: 8
      objectReference: {fileID: 0}
    - target: {fileID: 100002, guid: b96ddd9f13eb66648ad95369c0cdf18f, type: 3}
      propertyPath: m_Layer
      value: 8
      objectReference: {fileID: 0}
    - target: {fileID: 100004, guid: b96ddd9f13eb66648ad95369c0cdf18f, type: 3}
      propertyPath: m_Layer
      value: 8
      objectReference: {fileID: 0}
    - target: {fileID: 100006, guid: b96ddd9f13eb66648ad95369c0cdf18f, type: 3}
      propertyPath: m_Layer
      value: 8
      objectReference: {fileID: 0}
    - target: {fileID: 100006, guid: b96ddd9f13eb66648ad95369c0cdf18f, type: 3}
      propertyPath: m_IsActive
      value: 0
      objectReference: {fileID: 0}
    - target: {fileID: 100008, guid: b96ddd9f13eb66648ad95369c0cdf18f, type: 3}
      propertyPath: m_Layer
      value: 8
      objectReference: {fileID: 0}
    - target: {fileID: 100010, guid: b96ddd9f13eb66648ad95369c0cdf18f, type: 3}
      propertyPath: m_Layer
      value: 8
      objectReference: {fileID: 0}
    - target: {fileID: 100012, guid: b96ddd9f13eb66648ad95369c0cdf18f, type: 3}
      propertyPath: m_Layer
      value: 8
      objectReference: {fileID: 0}
    - target: {fileID: 100014, guid: b96ddd9f13eb66648ad95369c0cdf18f, type: 3}
      propertyPath: m_Layer
      value: 8
      objectReference: {fileID: 0}
    - target: {fileID: 100016, guid: b96ddd9f13eb66648ad95369c0cdf18f, type: 3}
      propertyPath: m_Layer
      value: 8
      objectReference: {fileID: 0}
    - target: {fileID: 100018, guid: b96ddd9f13eb66648ad95369c0cdf18f, type: 3}
      propertyPath: m_Layer
      value: 8
      objectReference: {fileID: 0}
    - target: {fileID: 100020, guid: b96ddd9f13eb66648ad95369c0cdf18f, type: 3}
      propertyPath: m_Layer
      value: 8
      objectReference: {fileID: 0}
    - target: {fileID: 100022, guid: b96ddd9f13eb66648ad95369c0cdf18f, type: 3}
      propertyPath: m_Layer
      value: 8
      objectReference: {fileID: 0}
    - target: {fileID: 100024, guid: b96ddd9f13eb66648ad95369c0cdf18f, type: 3}
      propertyPath: m_Layer
      value: 8
      objectReference: {fileID: 0}
    - target: {fileID: 100026, guid: b96ddd9f13eb66648ad95369c0cdf18f, type: 3}
      propertyPath: m_Layer
      value: 8
      objectReference: {fileID: 0}
    - target: {fileID: 100028, guid: b96ddd9f13eb66648ad95369c0cdf18f, type: 3}
      propertyPath: m_Layer
      value: 8
      objectReference: {fileID: 0}
    - target: {fileID: 100030, guid: b96ddd9f13eb66648ad95369c0cdf18f, type: 3}
      propertyPath: m_Layer
      value: 8
      objectReference: {fileID: 0}
    - target: {fileID: 100032, guid: b96ddd9f13eb66648ad95369c0cdf18f, type: 3}
      propertyPath: m_Layer
      value: 8
      objectReference: {fileID: 0}
    - target: {fileID: 100034, guid: b96ddd9f13eb66648ad95369c0cdf18f, type: 3}
      propertyPath: m_Layer
      value: 8
      objectReference: {fileID: 0}
    - target: {fileID: 100036, guid: b96ddd9f13eb66648ad95369c0cdf18f, type: 3}
      propertyPath: m_Layer
      value: 8
      objectReference: {fileID: 0}
    - target: {fileID: 100038, guid: b96ddd9f13eb66648ad95369c0cdf18f, type: 3}
      propertyPath: m_Layer
      value: 8
      objectReference: {fileID: 0}
    - target: {fileID: 100040, guid: b96ddd9f13eb66648ad95369c0cdf18f, type: 3}
      propertyPath: m_Layer
      value: 8
      objectReference: {fileID: 0}
    - target: {fileID: 100042, guid: b96ddd9f13eb66648ad95369c0cdf18f, type: 3}
      propertyPath: m_Layer
      value: 8
      objectReference: {fileID: 0}
    - target: {fileID: 100044, guid: b96ddd9f13eb66648ad95369c0cdf18f, type: 3}
      propertyPath: m_Layer
      value: 8
      objectReference: {fileID: 0}
    - target: {fileID: 100046, guid: b96ddd9f13eb66648ad95369c0cdf18f, type: 3}
      propertyPath: m_Layer
      value: 8
      objectReference: {fileID: 0}
    - target: {fileID: 100048, guid: b96ddd9f13eb66648ad95369c0cdf18f, type: 3}
      propertyPath: m_Layer
      value: 8
      objectReference: {fileID: 0}
    - target: {fileID: 100050, guid: b96ddd9f13eb66648ad95369c0cdf18f, type: 3}
      propertyPath: m_Layer
      value: 8
      objectReference: {fileID: 0}
    - target: {fileID: 100052, guid: b96ddd9f13eb66648ad95369c0cdf18f, type: 3}
      propertyPath: m_Layer
      value: 8
      objectReference: {fileID: 0}
    - target: {fileID: 100054, guid: b96ddd9f13eb66648ad95369c0cdf18f, type: 3}
      propertyPath: m_Layer
      value: 8
      objectReference: {fileID: 0}
    - target: {fileID: 100056, guid: b96ddd9f13eb66648ad95369c0cdf18f, type: 3}
      propertyPath: m_Layer
      value: 8
      objectReference: {fileID: 0}
    - target: {fileID: 100058, guid: b96ddd9f13eb66648ad95369c0cdf18f, type: 3}
      propertyPath: m_Layer
      value: 8
      objectReference: {fileID: 0}
    - target: {fileID: 100060, guid: b96ddd9f13eb66648ad95369c0cdf18f, type: 3}
      propertyPath: m_Layer
      value: 8
      objectReference: {fileID: 0}
    - target: {fileID: 100062, guid: b96ddd9f13eb66648ad95369c0cdf18f, type: 3}
      propertyPath: m_Layer
      value: 8
      objectReference: {fileID: 0}
    - target: {fileID: 100064, guid: b96ddd9f13eb66648ad95369c0cdf18f, type: 3}
      propertyPath: m_Layer
      value: 8
      objectReference: {fileID: 0}
    - target: {fileID: 100066, guid: b96ddd9f13eb66648ad95369c0cdf18f, type: 3}
      propertyPath: m_Layer
      value: 8
      objectReference: {fileID: 0}
    - target: {fileID: 100068, guid: b96ddd9f13eb66648ad95369c0cdf18f, type: 3}
      propertyPath: m_Layer
      value: 8
      objectReference: {fileID: 0}
    - target: {fileID: 100070, guid: b96ddd9f13eb66648ad95369c0cdf18f, type: 3}
      propertyPath: m_Layer
      value: 8
      objectReference: {fileID: 0}
    - target: {fileID: 100072, guid: b96ddd9f13eb66648ad95369c0cdf18f, type: 3}
      propertyPath: m_Layer
      value: 8
      objectReference: {fileID: 0}
    - target: {fileID: 100074, guid: b96ddd9f13eb66648ad95369c0cdf18f, type: 3}
      propertyPath: m_Layer
      value: 8
      objectReference: {fileID: 0}
    - target: {fileID: 100076, guid: b96ddd9f13eb66648ad95369c0cdf18f, type: 3}
      propertyPath: m_Layer
      value: 8
      objectReference: {fileID: 0}
    - target: {fileID: 100078, guid: b96ddd9f13eb66648ad95369c0cdf18f, type: 3}
      propertyPath: m_Layer
      value: 8
      objectReference: {fileID: 0}
    - target: {fileID: 100080, guid: b96ddd9f13eb66648ad95369c0cdf18f, type: 3}
      propertyPath: m_Layer
      value: 8
      objectReference: {fileID: 0}
    - target: {fileID: 100082, guid: b96ddd9f13eb66648ad95369c0cdf18f, type: 3}
      propertyPath: m_Layer
      value: 8
      objectReference: {fileID: 0}
    - target: {fileID: 100084, guid: b96ddd9f13eb66648ad95369c0cdf18f, type: 3}
      propertyPath: m_Layer
      value: 8
      objectReference: {fileID: 0}
    - target: {fileID: 100086, guid: b96ddd9f13eb66648ad95369c0cdf18f, type: 3}
      propertyPath: m_Layer
      value: 8
      objectReference: {fileID: 0}
    - target: {fileID: 100088, guid: b96ddd9f13eb66648ad95369c0cdf18f, type: 3}
      propertyPath: m_Layer
      value: 8
      objectReference: {fileID: 0}
    - target: {fileID: 100090, guid: b96ddd9f13eb66648ad95369c0cdf18f, type: 3}
      propertyPath: m_Layer
      value: 8
      objectReference: {fileID: 0}
    - target: {fileID: 100092, guid: b96ddd9f13eb66648ad95369c0cdf18f, type: 3}
      propertyPath: m_Layer
      value: 8
      objectReference: {fileID: 0}
    - target: {fileID: 100094, guid: b96ddd9f13eb66648ad95369c0cdf18f, type: 3}
      propertyPath: m_Layer
      value: 8
      objectReference: {fileID: 0}
    - target: {fileID: 100096, guid: b96ddd9f13eb66648ad95369c0cdf18f, type: 3}
      propertyPath: m_Layer
      value: 8
      objectReference: {fileID: 0}
    - target: {fileID: 100098, guid: b96ddd9f13eb66648ad95369c0cdf18f, type: 3}
      propertyPath: m_Layer
      value: 8
      objectReference: {fileID: 0}
    - target: {fileID: 100100, guid: b96ddd9f13eb66648ad95369c0cdf18f, type: 3}
      propertyPath: m_Layer
      value: 8
      objectReference: {fileID: 0}
    - target: {fileID: 100102, guid: b96ddd9f13eb66648ad95369c0cdf18f, type: 3}
      propertyPath: m_Layer
      value: 8
      objectReference: {fileID: 0}
    - target: {fileID: 100104, guid: b96ddd9f13eb66648ad95369c0cdf18f, type: 3}
      propertyPath: m_Layer
      value: 8
      objectReference: {fileID: 0}
    - target: {fileID: 100106, guid: b96ddd9f13eb66648ad95369c0cdf18f, type: 3}
      propertyPath: m_Layer
      value: 8
      objectReference: {fileID: 0}
    - target: {fileID: 100108, guid: b96ddd9f13eb66648ad95369c0cdf18f, type: 3}
      propertyPath: m_Layer
      value: 8
      objectReference: {fileID: 0}
    - target: {fileID: 100108, guid: b96ddd9f13eb66648ad95369c0cdf18f, type: 3}
      propertyPath: m_IsActive
      value: 0
      objectReference: {fileID: 0}
    - target: {fileID: 100110, guid: b96ddd9f13eb66648ad95369c0cdf18f, type: 3}
      propertyPath: m_Name
      value: velo2
      objectReference: {fileID: 0}
    - target: {fileID: 100110, guid: b96ddd9f13eb66648ad95369c0cdf18f, type: 3}
      propertyPath: m_Layer
      value: 8
      objectReference: {fileID: 0}
    - target: {fileID: 100110, guid: b96ddd9f13eb66648ad95369c0cdf18f, type: 3}
      propertyPath: m_TagString
      value: Dinosaur
      objectReference: {fileID: 0}
    - target: {fileID: 400030, guid: b96ddd9f13eb66648ad95369c0cdf18f, type: 3}
      propertyPath: m_LocalRotation.w
      value: 0.048064865
      objectReference: {fileID: 0}
    - target: {fileID: 400030, guid: b96ddd9f13eb66648ad95369c0cdf18f, type: 3}
      propertyPath: m_LocalRotation.x
      value: -0.21822101
      objectReference: {fileID: 0}
    - target: {fileID: 400030, guid: b96ddd9f13eb66648ad95369c0cdf18f, type: 3}
      propertyPath: m_LocalRotation.y
      value: 0.97418445
      objectReference: {fileID: 0}
    - target: {fileID: 400030, guid: b96ddd9f13eb66648ad95369c0cdf18f, type: 3}
      propertyPath: m_LocalRotation.z
      value: 0.032155536
      objectReference: {fileID: 0}
    - target: {fileID: 400046, guid: b96ddd9f13eb66648ad95369c0cdf18f, type: 3}
      propertyPath: m_LocalRotation.x
      value: 0.12270555
      objectReference: {fileID: 0}
    - target: {fileID: 400046, guid: b96ddd9f13eb66648ad95369c0cdf18f, type: 3}
      propertyPath: m_LocalRotation.z
      value: 0.3856678
      objectReference: {fileID: 0}
    - target: {fileID: 400056, guid: b96ddd9f13eb66648ad95369c0cdf18f, type: 3}
      propertyPath: m_LocalRotation.w
      value: 0.87619466
      objectReference: {fileID: 0}
    - target: {fileID: 400056, guid: b96ddd9f13eb66648ad95369c0cdf18f, type: 3}
      propertyPath: m_LocalRotation.x
      value: -0.08031159
      objectReference: {fileID: 0}
    - target: {fileID: 400056, guid: b96ddd9f13eb66648ad95369c0cdf18f, type: 3}
      propertyPath: m_LocalRotation.y
      value: -0.018956093
      objectReference: {fileID: 0}
    - target: {fileID: 400056, guid: b96ddd9f13eb66648ad95369c0cdf18f, type: 3}
      propertyPath: m_LocalRotation.z
      value: 0.4748406
      objectReference: {fileID: 0}
    - target: {fileID: 400066, guid: b96ddd9f13eb66648ad95369c0cdf18f, type: 3}
      propertyPath: m_LocalRotation.w
      value: -8.659562e-17
      objectReference: {fileID: 0}
    - target: {fileID: 400110, guid: b96ddd9f13eb66648ad95369c0cdf18f, type: 3}
      propertyPath: m_RootOrder
      value: 0
      objectReference: {fileID: 0}
    - target: {fileID: 400110, guid: b96ddd9f13eb66648ad95369c0cdf18f, type: 3}
      propertyPath: m_LocalScale.x
      value: 1.1
      objectReference: {fileID: 0}
    - target: {fileID: 400110, guid: b96ddd9f13eb66648ad95369c0cdf18f, type: 3}
      propertyPath: m_LocalScale.y
      value: 1.1
      objectReference: {fileID: 0}
    - target: {fileID: 400110, guid: b96ddd9f13eb66648ad95369c0cdf18f, type: 3}
      propertyPath: m_LocalScale.z
      value: 1.1
      objectReference: {fileID: 0}
    - target: {fileID: 400110, guid: b96ddd9f13eb66648ad95369c0cdf18f, type: 3}
      propertyPath: m_LocalPosition.x
      value: 0
      objectReference: {fileID: 0}
    - target: {fileID: 400110, guid: b96ddd9f13eb66648ad95369c0cdf18f, type: 3}
      propertyPath: m_LocalPosition.y
      value: 0
      objectReference: {fileID: 0}
    - target: {fileID: 400110, guid: b96ddd9f13eb66648ad95369c0cdf18f, type: 3}
      propertyPath: m_LocalPosition.z
      value: 0
      objectReference: {fileID: 0}
    - target: {fileID: 400110, guid: b96ddd9f13eb66648ad95369c0cdf18f, type: 3}
      propertyPath: m_LocalRotation.w
      value: 1
      objectReference: {fileID: 0}
    - target: {fileID: 400110, guid: b96ddd9f13eb66648ad95369c0cdf18f, type: 3}
      propertyPath: m_LocalRotation.x
      value: 0
      objectReference: {fileID: 0}
    - target: {fileID: 400110, guid: b96ddd9f13eb66648ad95369c0cdf18f, type: 3}
      propertyPath: m_LocalRotation.y
      value: 0
      objectReference: {fileID: 0}
    - target: {fileID: 400110, guid: b96ddd9f13eb66648ad95369c0cdf18f, type: 3}
      propertyPath: m_LocalRotation.z
      value: 0
      objectReference: {fileID: 0}
    - target: {fileID: 400110, guid: b96ddd9f13eb66648ad95369c0cdf18f, type: 3}
      propertyPath: m_LocalEulerAnglesHint.x
      value: 0
      objectReference: {fileID: 0}
    - target: {fileID: 400110, guid: b96ddd9f13eb66648ad95369c0cdf18f, type: 3}
      propertyPath: m_LocalEulerAnglesHint.y
      value: 0
      objectReference: {fileID: 0}
    - target: {fileID: 400110, guid: b96ddd9f13eb66648ad95369c0cdf18f, type: 3}
      propertyPath: m_LocalEulerAnglesHint.z
      value: 0
      objectReference: {fileID: 0}
    - target: {fileID: 9500000, guid: b96ddd9f13eb66648ad95369c0cdf18f, type: 3}
      propertyPath: m_Controller
      value: 
      objectReference: {fileID: 9100000, guid: 5d97387c9aaae3b4292798c1fd1c585e, type: 2}
    - target: {fileID: 13700002, guid: b96ddd9f13eb66648ad95369c0cdf18f, type: 3}
      propertyPath: m_Materials.Array.data[0]
      value: 
      objectReference: {fileID: 2100000, guid: fc262c5861101b0499d318d3f1b865dd, type: 2}
    - target: {fileID: 13700002, guid: b96ddd9f13eb66648ad95369c0cdf18f, type: 3}
      propertyPath: m_Materials.Array.data[1]
      value: 
      objectReference: {fileID: 2100000, guid: 8852d2ced397b194596a9c312eea88c5, type: 2}
    - target: {fileID: 13700002, guid: b96ddd9f13eb66648ad95369c0cdf18f, type: 3}
      propertyPath: m_Materials.Array.data[2]
      value: 
      objectReference: {fileID: 2100000, guid: 6c203f896c50144f5ac00fc9c07898f6, type: 2}
    - target: {fileID: 13700002, guid: b96ddd9f13eb66648ad95369c0cdf18f, type: 3}
      propertyPath: m_Materials.Array.data[3]
      value: 
      objectReference: {fileID: 2100000, guid: 2a72159f1ca081049b3cc80885b33229, type: 2}
    - target: {fileID: 13700002, guid: b96ddd9f13eb66648ad95369c0cdf18f, type: 3}
      propertyPath: m_Materials.Array.data[5]
      value: 
      objectReference: {fileID: 2100000, guid: 9f362a766f4c7f043b3239f19d21b28a, type: 2}
    - target: {fileID: 13700002, guid: b96ddd9f13eb66648ad95369c0cdf18f, type: 3}
      propertyPath: m_Materials.Array.data[6]
      value: 
      objectReference: {fileID: 2100000, guid: 2bfd816e31232a447a714d4140eda1b4, type: 2}
    - target: {fileID: 13700004, guid: b96ddd9f13eb66648ad95369c0cdf18f, type: 3}
      propertyPath: m_Materials.Array.data[0]
      value: 
      objectReference: {fileID: 2100000, guid: e42a2d910b6399540908b84b3392e7d4, type: 2}
    m_RemovedComponents: []
  m_SourcePrefab: {fileID: 100100000, guid: b96ddd9f13eb66648ad95369c0cdf18f, type: 3}
--- !u!4 &5585009927464797976 stripped
Transform:
  m_CorrespondingSourceObject: {fileID: 400110, guid: b96ddd9f13eb66648ad95369c0cdf18f,
    type: 3}
  m_PrefabInstance: {fileID: 5585009927465197046}
  m_PrefabAsset: {fileID: 0}
--- !u!4 &5585009927464797978 stripped
Transform:
  m_CorrespondingSourceObject: {fileID: 400108, guid: b96ddd9f13eb66648ad95369c0cdf18f,
    type: 3}
  m_PrefabInstance: {fileID: 5585009927465197046}
  m_PrefabAsset: {fileID: 0}
--- !u!1 &5585009927465097976 stripped
GameObject:
  m_CorrespondingSourceObject: {fileID: 100110, guid: b96ddd9f13eb66648ad95369c0cdf18f,
    type: 3}
  m_PrefabInstance: {fileID: 5585009927465197046}
  m_PrefabAsset: {fileID: 0}
--- !u!114 &8343617870033213680
MonoBehaviour:
  m_ObjectHideFlags: 0
  m_CorrespondingSourceObject: {fileID: 0}
  m_PrefabInstance: {fileID: 0}
  m_PrefabAsset: {fileID: 0}
  m_GameObject: {fileID: 5585009927465097976}
  m_Enabled: 1
  m_EditorHideFlags: 0
  m_Script: {fileID: 11500000, guid: d9f9fd26eaa7dd54d8a1926b785e5bed, type: 3}
  m_Name: 
  m_EditorClassIdentifier: 
  isAnimated: 1
  isRotating: 1
  isFloating: 0
  isScaling: 0
  rotationAngle: {x: 0, y: 5, z: 0}
  rotationSpeed: 4
  floatSpeed: 0
  floatRate: 0
  startScale: {x: 0, y: 0, z: 0}
  endScale: {x: 0, y: 0, z: 0}
  scaleSpeed: 0
  scaleRate: 0
--- !u!114 &8343617870033213681
MonoBehaviour:
  m_ObjectHideFlags: 0
  m_CorrespondingSourceObject: {fileID: 0}
  m_PrefabInstance: {fileID: 0}
  m_PrefabAsset: {fileID: 0}
  m_GameObject: {fileID: 5585009927465097976}
  m_Enabled: 1
  m_EditorHideFlags: 0
  m_Script: {fileID: 11500000, guid: 6e4b747c1b519d747abb815849c95dc2, type: 3}
  m_Name: 
  m_EditorClassIdentifier: 
  nameID: Hiromi
--- !u!1001 &5795387191715091272
PrefabInstance:
  m_ObjectHideFlags: 0
  serializedVersion: 2
  m_Modification:
    m_TransformParent: {fileID: 7490349051618521629}
    m_Modifications:
    - target: {fileID: 834668421, guid: 7dedb5af78eaa76459eef8157b8cc065, type: 3}
      propertyPath: m_Name
      value: escudo proteccion
      objectReference: {fileID: 0}
    - target: {fileID: 834668421, guid: 7dedb5af78eaa76459eef8157b8cc065, type: 3}
      propertyPath: m_IsActive
      value: 0
      objectReference: {fileID: 0}
    - target: {fileID: 834668424, guid: 7dedb5af78eaa76459eef8157b8cc065, type: 3}
      propertyPath: m_RootOrder
      value: 1
      objectReference: {fileID: 0}
    - target: {fileID: 834668424, guid: 7dedb5af78eaa76459eef8157b8cc065, type: 3}
      propertyPath: m_LocalScale.x
      value: 9.173514
      objectReference: {fileID: 0}
    - target: {fileID: 834668424, guid: 7dedb5af78eaa76459eef8157b8cc065, type: 3}
      propertyPath: m_LocalScale.y
      value: 9.173514
      objectReference: {fileID: 0}
    - target: {fileID: 834668424, guid: 7dedb5af78eaa76459eef8157b8cc065, type: 3}
      propertyPath: m_LocalScale.z
      value: 9.173514
      objectReference: {fileID: 0}
    - target: {fileID: 834668424, guid: 7dedb5af78eaa76459eef8157b8cc065, type: 3}
      propertyPath: m_LocalPosition.x
      value: -0.025867
      objectReference: {fileID: 0}
    - target: {fileID: 834668424, guid: 7dedb5af78eaa76459eef8157b8cc065, type: 3}
      propertyPath: m_LocalPosition.y
      value: 1.72
      objectReference: {fileID: 0}
    - target: {fileID: 834668424, guid: 7dedb5af78eaa76459eef8157b8cc065, type: 3}
      propertyPath: m_LocalPosition.z
      value: -0.31
      objectReference: {fileID: 0}
    - target: {fileID: 834668424, guid: 7dedb5af78eaa76459eef8157b8cc065, type: 3}
      propertyPath: m_LocalRotation.w
      value: 1
      objectReference: {fileID: 0}
    - target: {fileID: 834668424, guid: 7dedb5af78eaa76459eef8157b8cc065, type: 3}
      propertyPath: m_LocalRotation.x
      value: 0
      objectReference: {fileID: 0}
    - target: {fileID: 834668424, guid: 7dedb5af78eaa76459eef8157b8cc065, type: 3}
      propertyPath: m_LocalRotation.y
      value: 0
      objectReference: {fileID: 0}
    - target: {fileID: 834668424, guid: 7dedb5af78eaa76459eef8157b8cc065, type: 3}
      propertyPath: m_LocalRotation.z
      value: 0
      objectReference: {fileID: 0}
    - target: {fileID: 834668424, guid: 7dedb5af78eaa76459eef8157b8cc065, type: 3}
      propertyPath: m_LocalEulerAnglesHint.x
      value: 0
      objectReference: {fileID: 0}
    - target: {fileID: 834668424, guid: 7dedb5af78eaa76459eef8157b8cc065, type: 3}
      propertyPath: m_LocalEulerAnglesHint.y
      value: 0
      objectReference: {fileID: 0}
    - target: {fileID: 834668424, guid: 7dedb5af78eaa76459eef8157b8cc065, type: 3}
      propertyPath: m_LocalEulerAnglesHint.z
      value: 0
      objectReference: {fileID: 0}
    m_RemovedComponents: []
  m_SourcePrefab: {fileID: 100100000, guid: 7dedb5af78eaa76459eef8157b8cc065, type: 3}
--- !u!4 &5795387192012887232 stripped
Transform:
  m_CorrespondingSourceObject: {fileID: 834668424, guid: 7dedb5af78eaa76459eef8157b8cc065,
    type: 3}
  m_PrefabInstance: {fileID: 5795387191715091272}
  m_PrefabAsset: {fileID: 0}
--- !u!1001 &7986951317376466237
PrefabInstance:
  m_ObjectHideFlags: 0
  serializedVersion: 2
  m_Modification:
    m_TransformParent: {fileID: 7490349051618521629}
    m_Modifications:
    - target: {fileID: 130620, guid: 1bff3d95f687092458215d6af5ecc998, type: 3}
      propertyPath: m_Name
      value: SmokeWhiteSoftTrail
      objectReference: {fileID: 0}
    - target: {fileID: 437806, guid: 1bff3d95f687092458215d6af5ecc998, type: 3}
      propertyPath: m_RootOrder
      value: 6
      objectReference: {fileID: 0}
    - target: {fileID: 437806, guid: 1bff3d95f687092458215d6af5ecc998, type: 3}
      propertyPath: m_LocalPosition.x
      value: 0
      objectReference: {fileID: 0}
    - target: {fileID: 437806, guid: 1bff3d95f687092458215d6af5ecc998, type: 3}
      propertyPath: m_LocalPosition.y
      value: 0
      objectReference: {fileID: 0}
    - target: {fileID: 437806, guid: 1bff3d95f687092458215d6af5ecc998, type: 3}
      propertyPath: m_LocalPosition.z
      value: 0
      objectReference: {fileID: 0}
    - target: {fileID: 437806, guid: 1bff3d95f687092458215d6af5ecc998, type: 3}
      propertyPath: m_LocalRotation.w
      value: 0.7071068
      objectReference: {fileID: 0}
    - target: {fileID: 437806, guid: 1bff3d95f687092458215d6af5ecc998, type: 3}
      propertyPath: m_LocalRotation.x
      value: -0.7071068
      objectReference: {fileID: 0}
    - target: {fileID: 437806, guid: 1bff3d95f687092458215d6af5ecc998, type: 3}
      propertyPath: m_LocalRotation.y
      value: 0
      objectReference: {fileID: 0}
    - target: {fileID: 437806, guid: 1bff3d95f687092458215d6af5ecc998, type: 3}
      propertyPath: m_LocalRotation.z
      value: 0
      objectReference: {fileID: 0}
    - target: {fileID: 437806, guid: 1bff3d95f687092458215d6af5ecc998, type: 3}
      propertyPath: m_LocalEulerAnglesHint.x
      value: -90
      objectReference: {fileID: 0}
    - target: {fileID: 437806, guid: 1bff3d95f687092458215d6af5ecc998, type: 3}
      propertyPath: m_LocalEulerAnglesHint.y
      value: 0
      objectReference: {fileID: 0}
    - target: {fileID: 437806, guid: 1bff3d95f687092458215d6af5ecc998, type: 3}
      propertyPath: m_LocalEulerAnglesHint.z
      value: 0
      objectReference: {fileID: 0}
    m_RemovedComponents: []
  m_SourcePrefab: {fileID: 100100000, guid: 1bff3d95f687092458215d6af5ecc998, type: 3}
--- !u!4 &7986951317376029459 stripped
Transform:
  m_CorrespondingSourceObject: {fileID: 437806, guid: 1bff3d95f687092458215d6af5ecc998,
    type: 3}
  m_PrefabInstance: {fileID: 7986951317376466237}
  m_PrefabAsset: {fileID: 0}
--- !u!1001 &8851430333015243686
PrefabInstance:
  m_ObjectHideFlags: 0
  serializedVersion: 2
  m_Modification:
    m_TransformParent: {fileID: 5585009927464797978}
    m_Modifications:
    - target: {fileID: 1552013637140034, guid: b973a8f75e4fa0b4a88853a832477d82, type: 3}
      propertyPath: m_Name
      value: nitro
      objectReference: {fileID: 0}
    - target: {fileID: 4692561806288404, guid: b973a8f75e4fa0b4a88853a832477d82, type: 3}
      propertyPath: m_RootOrder
      value: 0
      objectReference: {fileID: 0}
    - target: {fileID: 4692561806288404, guid: b973a8f75e4fa0b4a88853a832477d82, type: 3}
      propertyPath: m_LocalPosition.x
      value: 0
      objectReference: {fileID: 0}
    - target: {fileID: 4692561806288404, guid: b973a8f75e4fa0b4a88853a832477d82, type: 3}
      propertyPath: m_LocalPosition.y
      value: 1.99
      objectReference: {fileID: 0}
    - target: {fileID: 4692561806288404, guid: b973a8f75e4fa0b4a88853a832477d82, type: 3}
      propertyPath: m_LocalPosition.z
      value: -1.27
      objectReference: {fileID: 0}
    - target: {fileID: 4692561806288404, guid: b973a8f75e4fa0b4a88853a832477d82, type: 3}
      propertyPath: m_LocalRotation.w
      value: 1
      objectReference: {fileID: 0}
    - target: {fileID: 4692561806288404, guid: b973a8f75e4fa0b4a88853a832477d82, type: 3}
      propertyPath: m_LocalRotation.x
      value: 0
      objectReference: {fileID: 0}
    - target: {fileID: 4692561806288404, guid: b973a8f75e4fa0b4a88853a832477d82, type: 3}
      propertyPath: m_LocalRotation.y
      value: 0
      objectReference: {fileID: 0}
    - target: {fileID: 4692561806288404, guid: b973a8f75e4fa0b4a88853a832477d82, type: 3}
      propertyPath: m_LocalRotation.z
      value: 0
      objectReference: {fileID: 0}
    - target: {fileID: 4692561806288404, guid: b973a8f75e4fa0b4a88853a832477d82, type: 3}
      propertyPath: m_LocalEulerAnglesHint.x
      value: 0
      objectReference: {fileID: 0}
    - target: {fileID: 4692561806288404, guid: b973a8f75e4fa0b4a88853a832477d82, type: 3}
      propertyPath: m_LocalEulerAnglesHint.y
      value: 0
      objectReference: {fileID: 0}
    - target: {fileID: 4692561806288404, guid: b973a8f75e4fa0b4a88853a832477d82, type: 3}
      propertyPath: m_LocalEulerAnglesHint.z
      value: 0
      objectReference: {fileID: 0}
    m_RemovedComponents: []
  m_SourcePrefab: {fileID: 100100000, guid: b973a8f75e4fa0b4a88853a832477d82, type: 3}
