%YAML 1.1
%TAG !u! tag:unity3d.com,2011:
--- !u!1 &8318074947274113761
GameObject:
  m_ObjectHideFlags: 0
  m_CorrespondingSourceObject: {fileID: 0}
  m_PrefabInstance: {fileID: 0}
  m_PrefabAsset: {fileID: 0}
  serializedVersion: 6
  m_Component:
  - component: {fileID: 1605662453798924622}
  - component: {fileID: 428741400999340087}
  - component: {fileID: 7919013818665774308}
  - component: {fileID: 434126131882914364}
  m_Layer: 8
  m_Name: Albertosaurio
  m_TagString: Dinosaur
  m_Icon: {fileID: 0}
  m_NavMeshLayer: 0
  m_StaticEditorFlags: 0
  m_IsActive: 1
--- !u!4 &1605662453798924622
Transform:
  m_ObjectHideFlags: 0
  m_CorrespondingSourceObject: {fileID: 0}
  m_PrefabInstance: {fileID: 0}
  m_PrefabAsset: {fileID: 0}
  m_GameObject: {fileID: 8318074947274113761}
  m_LocalRotation: {x: 0, y: 0, z: 0, w: 1}
  m_LocalPosition: {x: 0, y: 0, z: 0}
  m_LocalScale: {x: 1, y: 1, z: 1}
  m_Children:
  - {fileID: 2628891030869359747}
  m_Father: {fileID: 0}
  m_RootOrder: 0
  m_LocalEulerAnglesHint: {x: 0, y: 0, z: 0}
--- !u!54 &428741400999340087
Rigidbody:
  m_ObjectHideFlags: 0
  m_CorrespondingSourceObject: {fileID: 0}
  m_PrefabInstance: {fileID: 0}
  m_PrefabAsset: {fileID: 0}
  m_GameObject: {fileID: 8318074947274113761}
  serializedVersion: 2
  m_Mass: 1
  m_Drag: 0
  m_AngularDrag: 28.17
  m_UseGravity: 1
  m_IsKinematic: 0
  m_Interpolate: 0
  m_Constraints: 112
  m_CollisionDetection: 0
--- !u!136 &7919013818665774308
CapsuleCollider:
  m_ObjectHideFlags: 0
  m_CorrespondingSourceObject: {fileID: 0}
  m_PrefabInstance: {fileID: 0}
  m_PrefabAsset: {fileID: 0}
  m_GameObject: {fileID: 8318074947274113761}
  m_Material: {fileID: 13400000, guid: 96982ace0e432f145a3274b0f6aab990, type: 2}
  m_IsTrigger: 0
  m_Enabled: 1
  m_Radius: 1.2794924
  m_Height: 3.6974204
  m_Direction: 1
  m_Center: {x: 0.0057878494, y: 1.81, z: 0}
--- !u!114 &434126131882914364
MonoBehaviour:
  m_ObjectHideFlags: 0
  m_CorrespondingSourceObject: {fileID: 0}
  m_PrefabInstance: {fileID: 0}
  m_PrefabAsset: {fileID: 0}
  m_GameObject: {fileID: 8318074947274113761}
  m_Enabled: 1
  m_EditorHideFlags: 0
  m_Script: {fileID: 11500000, guid: 41c90634a2a31ae48bd91a3892093b69, type: 3}
  m_Name: 
  m_EditorClassIdentifier: 
  dinoData: {fileID: 11400000, guid: 91e11e5cb1b8bcb44ab36d320cb1dbea, type: 2}
--- !u!1001 &2628891030869223015
PrefabInstance:
  m_ObjectHideFlags: 0
  serializedVersion: 2
  m_Modification:
    m_TransformParent: {fileID: 1605662453798924622}
    m_Modifications:
    - target: {fileID: 100000, guid: 3d888bf95c4e76d448ed4503496421b9, type: 3}
      propertyPath: m_Layer
      value: 8
      objectReference: {fileID: 0}
    - target: {fileID: 100002, guid: 3d888bf95c4e76d448ed4503496421b9, type: 3}
      propertyPath: m_Layer
      value: 8
      objectReference: {fileID: 0}
    - target: {fileID: 100004, guid: 3d888bf95c4e76d448ed4503496421b9, type: 3}
      propertyPath: m_Layer
      value: 8
      objectReference: {fileID: 0}
    - target: {fileID: 100006, guid: 3d888bf95c4e76d448ed4503496421b9, type: 3}
      propertyPath: m_Layer
      value: 8
      objectReference: {fileID: 0}
    - target: {fileID: 100008, guid: 3d888bf95c4e76d448ed4503496421b9, type: 3}
      propertyPath: m_Layer
      value: 8
      objectReference: {fileID: 0}
    - target: {fileID: 100008, guid: 3d888bf95c4e76d448ed4503496421b9, type: 3}
      propertyPath: m_IsActive
      value: 0
      objectReference: {fileID: 0}
    - target: {fileID: 100010, guid: 3d888bf95c4e76d448ed4503496421b9, type: 3}
      propertyPath: m_Layer
      value: 8
      objectReference: {fileID: 0}
    - target: {fileID: 100012, guid: 3d888bf95c4e76d448ed4503496421b9, type: 3}
      propertyPath: m_Layer
      value: 8
      objectReference: {fileID: 0}
    - target: {fileID: 100014, guid: 3d888bf95c4e76d448ed4503496421b9, type: 3}
      propertyPath: m_Layer
      value: 8
      objectReference: {fileID: 0}
    - target: {fileID: 100016, guid: 3d888bf95c4e76d448ed4503496421b9, type: 3}
      propertyPath: m_Layer
      value: 8
      objectReference: {fileID: 0}
    - target: {fileID: 100018, guid: 3d888bf95c4e76d448ed4503496421b9, type: 3}
      propertyPath: m_Layer
      value: 8
      objectReference: {fileID: 0}
    - target: {fileID: 100018, guid: 3d888bf95c4e76d448ed4503496421b9, type: 3}
      propertyPath: m_IsActive
      value: 1
      objectReference: {fileID: 0}
    - target: {fileID: 100020, guid: 3d888bf95c4e76d448ed4503496421b9, type: 3}
      propertyPath: m_Layer
      value: 8
      objectReference: {fileID: 0}
    - target: {fileID: 100022, guid: 3d888bf95c4e76d448ed4503496421b9, type: 3}
      propertyPath: m_Layer
      value: 8
      objectReference: {fileID: 0}
    - target: {fileID: 100024, guid: 3d888bf95c4e76d448ed4503496421b9, type: 3}
      propertyPath: m_Layer
      value: 8
      objectReference: {fileID: 0}
    - target: {fileID: 100026, guid: 3d888bf95c4e76d448ed4503496421b9, type: 3}
      propertyPath: m_Layer
      value: 8
      objectReference: {fileID: 0}
    - target: {fileID: 100028, guid: 3d888bf95c4e76d448ed4503496421b9, type: 3}
      propertyPath: m_Layer
      value: 8
      objectReference: {fileID: 0}
    - target: {fileID: 100030, guid: 3d888bf95c4e76d448ed4503496421b9, type: 3}
      propertyPath: m_Layer
      value: 8
      objectReference: {fileID: 0}
    - target: {fileID: 100032, guid: 3d888bf95c4e76d448ed4503496421b9, type: 3}
      propertyPath: m_Layer
      value: 8
      objectReference: {fileID: 0}
    - target: {fileID: 100034, guid: 3d888bf95c4e76d448ed4503496421b9, type: 3}
      propertyPath: m_Layer
      value: 8
      objectReference: {fileID: 0}
    - target: {fileID: 100036, guid: 3d888bf95c4e76d448ed4503496421b9, type: 3}
      propertyPath: m_Layer
      value: 8
      objectReference: {fileID: 0}
    - target: {fileID: 100038, guid: 3d888bf95c4e76d448ed4503496421b9, type: 3}
      propertyPath: m_Layer
      value: 8
      objectReference: {fileID: 0}
    - target: {fileID: 100040, guid: 3d888bf95c4e76d448ed4503496421b9, type: 3}
      propertyPath: m_Layer
      value: 8
      objectReference: {fileID: 0}
    - target: {fileID: 100042, guid: 3d888bf95c4e76d448ed4503496421b9, type: 3}
      propertyPath: m_Layer
      value: 8
      objectReference: {fileID: 0}
    - target: {fileID: 100044, guid: 3d888bf95c4e76d448ed4503496421b9, type: 3}
      propertyPath: m_Layer
      value: 8
      objectReference: {fileID: 0}
    - target: {fileID: 100046, guid: 3d888bf95c4e76d448ed4503496421b9, type: 3}
      propertyPath: m_Layer
      value: 8
      objectReference: {fileID: 0}
    - target: {fileID: 100048, guid: 3d888bf95c4e76d448ed4503496421b9, type: 3}
      propertyPath: m_Layer
      value: 8
      objectReference: {fileID: 0}
    - target: {fileID: 100050, guid: 3d888bf95c4e76d448ed4503496421b9, type: 3}
      propertyPath: m_Layer
      value: 8
      objectReference: {fileID: 0}
    - target: {fileID: 100052, guid: 3d888bf95c4e76d448ed4503496421b9, type: 3}
      propertyPath: m_Layer
      value: 8
      objectReference: {fileID: 0}
    - target: {fileID: 100054, guid: 3d888bf95c4e76d448ed4503496421b9, type: 3}
      propertyPath: m_Layer
      value: 8
      objectReference: {fileID: 0}
    - target: {fileID: 100056, guid: 3d888bf95c4e76d448ed4503496421b9, type: 3}
      propertyPath: m_Layer
      value: 8
      objectReference: {fileID: 0}
    - target: {fileID: 100058, guid: 3d888bf95c4e76d448ed4503496421b9, type: 3}
      propertyPath: m_Layer
      value: 8
      objectReference: {fileID: 0}
    - target: {fileID: 100060, guid: 3d888bf95c4e76d448ed4503496421b9, type: 3}
      propertyPath: m_Layer
      value: 8
      objectReference: {fileID: 0}
    - target: {fileID: 100062, guid: 3d888bf95c4e76d448ed4503496421b9, type: 3}
      propertyPath: m_Layer
      value: 8
      objectReference: {fileID: 0}
    - target: {fileID: 100064, guid: 3d888bf95c4e76d448ed4503496421b9, type: 3}
      propertyPath: m_Layer
      value: 8
      objectReference: {fileID: 0}
    - target: {fileID: 100066, guid: 3d888bf95c4e76d448ed4503496421b9, type: 3}
      propertyPath: m_Layer
      value: 8
      objectReference: {fileID: 0}
    - target: {fileID: 100068, guid: 3d888bf95c4e76d448ed4503496421b9, type: 3}
      propertyPath: m_Layer
      value: 8
      objectReference: {fileID: 0}
    - target: {fileID: 100070, guid: 3d888bf95c4e76d448ed4503496421b9, type: 3}
      propertyPath: m_Layer
      value: 8
      objectReference: {fileID: 0}
    - target: {fileID: 100070, guid: 3d888bf95c4e76d448ed4503496421b9, type: 3}
      propertyPath: m_IsActive
      value: 1
      objectReference: {fileID: 0}
    - target: {fileID: 100072, guid: 3d888bf95c4e76d448ed4503496421b9, type: 3}
      propertyPath: m_Layer
      value: 8
      objectReference: {fileID: 0}
    - target: {fileID: 100074, guid: 3d888bf95c4e76d448ed4503496421b9, type: 3}
      propertyPath: m_Layer
      value: 8
      objectReference: {fileID: 0}
    - target: {fileID: 100076, guid: 3d888bf95c4e76d448ed4503496421b9, type: 3}
      propertyPath: m_Layer
      value: 8
      objectReference: {fileID: 0}
    - target: {fileID: 100078, guid: 3d888bf95c4e76d448ed4503496421b9, type: 3}
      propertyPath: m_Layer
      value: 8
      objectReference: {fileID: 0}
    - target: {fileID: 100080, guid: 3d888bf95c4e76d448ed4503496421b9, type: 3}
      propertyPath: m_Layer
      value: 8
      objectReference: {fileID: 0}
    - target: {fileID: 100082, guid: 3d888bf95c4e76d448ed4503496421b9, type: 3}
      propertyPath: m_Layer
      value: 8
      objectReference: {fileID: 0}
    - target: {fileID: 100084, guid: 3d888bf95c4e76d448ed4503496421b9, type: 3}
      propertyPath: m_Layer
      value: 8
      objectReference: {fileID: 0}
    - target: {fileID: 100086, guid: 3d888bf95c4e76d448ed4503496421b9, type: 3}
      propertyPath: m_Layer
      value: 8
      objectReference: {fileID: 0}
    - target: {fileID: 100088, guid: 3d888bf95c4e76d448ed4503496421b9, type: 3}
      propertyPath: m_Layer
      value: 8
      objectReference: {fileID: 0}
    - target: {fileID: 100090, guid: 3d888bf95c4e76d448ed4503496421b9, type: 3}
      propertyPath: m_Layer
      value: 8
      objectReference: {fileID: 0}
    - target: {fileID: 100090, guid: 3d888bf95c4e76d448ed4503496421b9, type: 3}
      propertyPath: m_IsActive
      value: 1
      objectReference: {fileID: 0}
    - target: {fileID: 100092, guid: 3d888bf95c4e76d448ed4503496421b9, type: 3}
      propertyPath: m_Layer
      value: 8
      objectReference: {fileID: 0}
    - target: {fileID: 100092, guid: 3d888bf95c4e76d448ed4503496421b9, type: 3}
      propertyPath: m_IsActive
      value: 1
      objectReference: {fileID: 0}
    - target: {fileID: 100094, guid: 3d888bf95c4e76d448ed4503496421b9, type: 3}
      propertyPath: m_Layer
      value: 8
      objectReference: {fileID: 0}
    - target: {fileID: 100094, guid: 3d888bf95c4e76d448ed4503496421b9, type: 3}
      propertyPath: m_IsActive
      value: 1
      objectReference: {fileID: 0}
    - target: {fileID: 100096, guid: 3d888bf95c4e76d448ed4503496421b9, type: 3}
      propertyPath: m_Layer
      value: 8
      objectReference: {fileID: 0}
    - target: {fileID: 100096, guid: 3d888bf95c4e76d448ed4503496421b9, type: 3}
      propertyPath: m_IsActive
      value: 1
      objectReference: {fileID: 0}
    - target: {fileID: 100098, guid: 3d888bf95c4e76d448ed4503496421b9, type: 3}
      propertyPath: m_Layer
      value: 8
      objectReference: {fileID: 0}
    - target: {fileID: 100098, guid: 3d888bf95c4e76d448ed4503496421b9, type: 3}
      propertyPath: m_IsActive
      value: 0
      objectReference: {fileID: 0}
    - target: {fileID: 100100, guid: 3d888bf95c4e76d448ed4503496421b9, type: 3}
      propertyPath: m_Name
      value: t-rex2
      objectReference: {fileID: 0}
    - target: {fileID: 100100, guid: 3d888bf95c4e76d448ed4503496421b9, type: 3}
      propertyPath: m_Layer
      value: 8
      objectReference: {fileID: 0}
    - target: {fileID: 100100, guid: 3d888bf95c4e76d448ed4503496421b9, type: 3}
      propertyPath: m_IsActive
      value: 1
      objectReference: {fileID: 0}
    - target: {fileID: 100100, guid: 3d888bf95c4e76d448ed4503496421b9, type: 3}
      propertyPath: m_TagString
      value: Dinosaur
      objectReference: {fileID: 0}
    - target: {fileID: 100102, guid: 3d888bf95c4e76d448ed4503496421b9, type: 3}
      propertyPath: m_Layer
      value: 8
      objectReference: {fileID: 0}
    - target: {fileID: 100104, guid: 3d888bf95c4e76d448ed4503496421b9, type: 3}
      propertyPath: m_Layer
      value: 8
      objectReference: {fileID: 0}
    - target: {fileID: 100106, guid: 3d888bf95c4e76d448ed4503496421b9, type: 3}
      propertyPath: m_Layer
      value: 8
      objectReference: {fileID: 0}
    - target: {fileID: 100108, guid: 3d888bf95c4e76d448ed4503496421b9, type: 3}
      propertyPath: m_Layer
      value: 8
      objectReference: {fileID: 0}
    - target: {fileID: 100110, guid: 3d888bf95c4e76d448ed4503496421b9, type: 3}
      propertyPath: m_Layer
      value: 8
      objectReference: {fileID: 0}
    - target: {fileID: 100112, guid: 3d888bf95c4e76d448ed4503496421b9, type: 3}
      propertyPath: m_Layer
      value: 8
      objectReference: {fileID: 0}
    - target: {fileID: 100114, guid: 3d888bf95c4e76d448ed4503496421b9, type: 3}
      propertyPath: m_Layer
      value: 8
      objectReference: {fileID: 0}
    - target: {fileID: 100116, guid: 3d888bf95c4e76d448ed4503496421b9, type: 3}
      propertyPath: m_Layer
      value: 8
      objectReference: {fileID: 0}
    - target: {fileID: 100118, guid: 3d888bf95c4e76d448ed4503496421b9, type: 3}
      propertyPath: m_Layer
      value: 8
      objectReference: {fileID: 0}
    - target: {fileID: 400100, guid: 3d888bf95c4e76d448ed4503496421b9, type: 3}
      propertyPath: m_RootOrder
      value: 0
      objectReference: {fileID: 0}
    - target: {fileID: 400100, guid: 3d888bf95c4e76d448ed4503496421b9, type: 3}
      propertyPath: m_LocalPosition.x
      value: 0
      objectReference: {fileID: 0}
    - target: {fileID: 400100, guid: 3d888bf95c4e76d448ed4503496421b9, type: 3}
      propertyPath: m_LocalPosition.y
      value: 0
      objectReference: {fileID: 0}
    - target: {fileID: 400100, guid: 3d888bf95c4e76d448ed4503496421b9, type: 3}
      propertyPath: m_LocalPosition.z
      value: 0
      objectReference: {fileID: 0}
    - target: {fileID: 400100, guid: 3d888bf95c4e76d448ed4503496421b9, type: 3}
      propertyPath: m_LocalRotation.w
      value: 1
      objectReference: {fileID: 0}
    - target: {fileID: 400100, guid: 3d888bf95c4e76d448ed4503496421b9, type: 3}
      propertyPath: m_LocalRotation.x
      value: 0
      objectReference: {fileID: 0}
    - target: {fileID: 400100, guid: 3d888bf95c4e76d448ed4503496421b9, type: 3}
      propertyPath: m_LocalRotation.y
      value: 0
      objectReference: {fileID: 0}
    - target: {fileID: 400100, guid: 3d888bf95c4e76d448ed4503496421b9, type: 3}
      propertyPath: m_LocalRotation.z
      value: 0
      objectReference: {fileID: 0}
    - target: {fileID: 400100, guid: 3d888bf95c4e76d448ed4503496421b9, type: 3}
      propertyPath: m_LocalEulerAnglesHint.x
      value: 0
      objectReference: {fileID: 0}
    - target: {fileID: 400100, guid: 3d888bf95c4e76d448ed4503496421b9, type: 3}
      propertyPath: m_LocalEulerAnglesHint.y
      value: 0
      objectReference: {fileID: 0}
    - target: {fileID: 400100, guid: 3d888bf95c4e76d448ed4503496421b9, type: 3}
      propertyPath: m_LocalEulerAnglesHint.z
      value: 0
      objectReference: {fileID: 0}
    - target: {fileID: 9500000, guid: 3d888bf95c4e76d448ed4503496421b9, type: 3}
      propertyPath: m_Controller
      value: 
      objectReference: {fileID: 9100000, guid: b9c85224bf35fd044893c9d1795272ef, type: 2}
    m_RemovedComponents: []
  m_SourcePrefab: {fileID: 100100000, guid: 3d888bf95c4e76d448ed4503496421b9, type: 3}
--- !u!4 &2628891030869359747 stripped
Transform:
  m_CorrespondingSourceObject: {fileID: 400100, guid: 3d888bf95c4e76d448ed4503496421b9,
    type: 3}
  m_PrefabInstance: {fileID: 2628891030869223015}
  m_PrefabAsset: {fileID: 0}
--- !u!1 &2628891030869123285 stripped
GameObject:
  m_CorrespondingSourceObject: {fileID: 100018, guid: 3d888bf95c4e76d448ed4503496421b9,
    type: 3}
  m_PrefabInstance: {fileID: 2628891030869223015}
  m_PrefabAsset: {fileID: 0}
--- !u!1 &2628891030869123225 stripped
GameObject:
  m_CorrespondingSourceObject: {fileID: 100094, guid: 3d888bf95c4e76d448ed4503496421b9,
    type: 3}
  m_PrefabInstance: {fileID: 2628891030869223015}
  m_PrefabAsset: {fileID: 0}
--- !u!1 &2628891030869123431 stripped
GameObject:
  m_CorrespondingSourceObject: {fileID: 100096, guid: 3d888bf95c4e76d448ed4503496421b9,
    type: 3}
  m_PrefabInstance: {fileID: 2628891030869223015}
  m_PrefabAsset: {fileID: 0}
--- !u!4 &2628891030869359749 stripped
Transform:
  m_CorrespondingSourceObject: {fileID: 400098, guid: 3d888bf95c4e76d448ed4503496421b9,
    type: 3}
  m_PrefabInstance: {fileID: 2628891030869223015}
  m_PrefabAsset: {fileID: 0}
--- !u!114 &7772794034133440560
MonoBehaviour:
  m_ObjectHideFlags: 0
  m_CorrespondingSourceObject: {fileID: 0}
  m_PrefabInstance: {fileID: 0}
  m_PrefabAsset: {fileID: 0}
  m_GameObject: {fileID: 2628891030869123225}
  m_Enabled: 1
  m_EditorHideFlags: 0
  m_Script: {fileID: 11500000, guid: 6dbe4fe344446a5429b221f45942c4fa, type: 3}
  m_Name: 
  m_EditorClassIdentifier: 
--- !u!114 &3049449544502800818
MonoBehaviour:
  m_ObjectHideFlags: 0
  m_CorrespondingSourceObject: {fileID: 0}
  m_PrefabInstance: {fileID: 0}
  m_PrefabAsset: {fileID: 0}
  m_GameObject: {fileID: 2628891030869123285}
  m_Enabled: 1
  m_EditorHideFlags: 0
  m_Script: {fileID: 11500000, guid: 6dbe4fe344446a5429b221f45942c4fa, type: 3}
  m_Name: 
  m_EditorClassIdentifier: 
--- !u!114 &7616199905594546527
MonoBehaviour:
  m_ObjectHideFlags: 0
  m_CorrespondingSourceObject: {fileID: 0}
  m_PrefabInstance: {fileID: 0}
  m_PrefabAsset: {fileID: 0}
  m_GameObject: {fileID: 2628891030869123431}
  m_Enabled: 1
  m_EditorHideFlags: 0
  m_Script: {fileID: 11500000, guid: 6dbe4fe344446a5429b221f45942c4fa, type: 3}
  m_Name: 
  m_EditorClassIdentifier: 
--- !u!1001 &2861594786715785079
PrefabInstance:
  m_ObjectHideFlags: 0
  serializedVersion: 2
  m_Modification:
    m_TransformParent: {fileID: 2628891030869359749}
    m_Modifications:
    - target: {fileID: 1552013637140034, guid: b973a8f75e4fa0b4a88853a832477d82, type: 3}
      propertyPath: m_Name
      value: nitro
      objectReference: {fileID: 0}
    - target: {fileID: 4692561806288404, guid: b973a8f75e4fa0b4a88853a832477d82, type: 3}
      propertyPath: m_RootOrder
      value: 0
      objectReference: {fileID: 0}
    - target: {fileID: 4692561806288404, guid: b973a8f75e4fa0b4a88853a832477d82, type: 3}
      propertyPath: m_LocalPosition.x
      value: 0
      objectReference: {fileID: 0}
    - target: {fileID: 4692561806288404, guid: b973a8f75e4fa0b4a88853a832477d82, type: 3}
      propertyPath: m_LocalPosition.y
      value: 2.2
      objectReference: {fileID: 0}
    - target: {fileID: 4692561806288404, guid: b973a8f75e4fa0b4a88853a832477d82, type: 3}
      propertyPath: m_LocalPosition.z
      value: -2.29
      objectReference: {fileID: 0}
    - target: {fileID: 4692561806288404, guid: b973a8f75e4fa0b4a88853a832477d82, type: 3}
      propertyPath: m_LocalRotation.w
      value: 1
      objectReference: {fileID: 0}
    - target: {fileID: 4692561806288404, guid: b973a8f75e4fa0b4a88853a832477d82, type: 3}
      propertyPath: m_LocalRotation.x
      value: 0
      objectReference: {fileID: 0}
    - target: {fileID: 4692561806288404, guid: b973a8f75e4fa0b4a88853a832477d82, type: 3}
      propertyPath: m_LocalRotation.y
      value: 0
      objectReference: {fileID: 0}
    - target: {fileID: 4692561806288404, guid: b973a8f75e4fa0b4a88853a832477d82, type: 3}
      propertyPath: m_LocalRotation.z
      value: 0
      objectReference: {fileID: 0}
    - target: {fileID: 4692561806288404, guid: b973a8f75e4fa0b4a88853a832477d82, type: 3}
      propertyPath: m_LocalEulerAnglesHint.x
      value: 0
      objectReference: {fileID: 0}
    - target: {fileID: 4692561806288404, guid: b973a8f75e4fa0b4a88853a832477d82, type: 3}
      propertyPath: m_LocalEulerAnglesHint.y
      value: 0
      objectReference: {fileID: 0}
    - target: {fileID: 4692561806288404, guid: b973a8f75e4fa0b4a88853a832477d82, type: 3}
      propertyPath: m_LocalEulerAnglesHint.z
      value: 0
      objectReference: {fileID: 0}
    m_RemovedComponents: []
  m_SourcePrefab: {fileID: 100100000, guid: b973a8f75e4fa0b4a88853a832477d82, type: 3}
